Unnamed: 0.1,Ticker Symbol,Period Ending,Accounts Payable,Accounts Receivable,Add'l income/expense items,After Tax ROE,Capital Expenditures,Capital Surplus,Cash Ratio,Cash and Cash Equivalents,Changes in Inventories,Common Stocks,Cost of Revenue,Current Ratio,Deferred Asset Charges,Deferred Liability Charges,Depreciation,Earnings Before Interest and Tax,Earnings Before Tax,Effect of Exchange Rate,Equity Earnings/Loss Unconsolidated Subsidiary,Fixed Assets,Goodwill,Gross Margin,Gross Profit,Income Tax,Intangible Assets,Interest Expense,Inventory,Investments,Liabilities,Long-Term Debt,Long-Term Investments,Minority Interest,Misc. Stocks,Net Borrowings,Net Cash Flow,Net Cash Flow-Operating,Net Cash Flows-Financing,Net Cash Flows-Investing,Net Income,Net Income Adjustments,Net Income Applicable to Common Shareholders,Net Income-Cont. Operations,Net Receivables,Non-Recurring Items,Operating Income,Operating Margin,Other Assets,Other Current Assets,Other Current Liabilities,Other Equity,Other Financing Activities,Other Investing Activities,Other Liabilities,Other Operating Activities,Other Operating Items,Pre-Tax Margin,Pre-Tax ROE,Profit Margin,Quick Ratio,Research and Development,Retained Earnings,Sale and Purchase of Stock,"Sales, General and Admin.",Short-Term Debt / Current Portion of Long-Term Debt,Short-Term Investments,Total Assets,Total Current Assets,Total Current Liabilities,Total Equity,Total Liabilities,Total Liabilities & Equity,Total Revenue,Treasury Stock,For Year,Earnings Per Share,Estimated Shares Outstanding,Open,Close,Low,High,Volume,GICS Sector,GICS Sub Industry
20,ABT,12/31/2012,10889000000.0,36000000,-1260000000,22,-1795000000,0.0,114.0,10802000000.0,-417000000,11755000000.0,8899000000.0,236.0,3213000000,0,2782000000,100000000,-220000000,40000000,0,8063000000.0,15774000000.0,53,10151000000.0,-457000000,8588000000.0,320000000,3793000000,-3062000000.0,-1443000000,18085000000.0,274000000.0,92000000,0,4413000000,3989000000,9314000000.0,195000000.0,-5560000000.0,5963000000,2428000000,5963000000,237000000,10599000000,0,1360000000,7,0.0,1757000000,0.0,-3594000000,-521000000,-703000000,9057000000.0,-35000000,595000000,1,1,31,207.0,1461000000,24151000000.0,-514000000,6735000000,2391000000.0,4372000000.0,67235000000.0,31323000000.0,13280000000,26721000000.0,40514000000.0,67235000000.0,19050000000.0,-5591000000.0,2012.0,3.76,1585904255.0,64.129942,65.499944,64.009943,65.52994100000001,19018100,Health Care,Health Care Equipment
21,ABT,12/31/2013,5948000000.0,-113000000,53000000,10,-1145000000,0.0,85.0,3475000000.0,-154000000,12048000000.0,9193000000.0,202.0,2109000000,0,1719000000,2186000000,2041000000,-26000000,0,5971000000.0,9772000000.0,53,10464000000.0,53000000,5735000000.0,145000000,2693000000,-2225000000.0,-1101000000,3388000000.0,119000000.0,96000000,0,1792000000,-7327000000,3324000000.0,-6696000000.0,-3929000000.0,2576000000,266000000,2576000000,1988000000,6514000000,0,2133000000,11,0.0,1942000000,386000000.0,-2012000000,-6396000000,-559000000,4791000000.0,131000000,588000000,10,8,13,174.0,1371000000,21979000000.0,-1210000000,6372000000,3173000000.0,4623000000.0,42953000000.0,19247000000.0,9507000000,25171000000.0,17782000000.0,42953000000.0,19657000000.0,-6844000000.0,2013.0,1.64,1570731707.0,38.380001,38.330002,38.220001,38.57,4594200,Health Care,Health Care Equipment
22,ABT,12/31/2014,5350000000.0,-195000000,69000000,11,-1077000000,0.0,43.0,4063000000.0,-297000000,12383000000.0,9218000000.0,130.0,3288000000,0,1548000000,2668000000,2518000000,-143000000,0,7869000000.0,10067000000.0,54,11029000000.0,797000000,6198000000.0,150000000,2643000000,4117000000.0,-28000000,3393000000.0,229000000.0,113000000,0,766000000,588000000,3675000000.0,-2742000000.0,-202000000.0,2284000000,333000000,2284000000,1721000000,3586000000,0,2599000000,13,0.0,2867000000,680000000.0,-5053000000,-400000000,-3242000000,5708000000.0,30000000,555000000,12,12,11,104.0,1345000000,22874000000.0,-1766000000,6530000000,4437000000.0,397000000.0,41207000000.0,13556000000.0,10467000000,21526000000.0,19681000000.0,41207000000.0,20247000000.0,-8678000000.0,2014.0,1.5,1522666667.0,45.700001,45.02,44.990002000000004,46.049999,3418600,Health Care,Health Care Equipment
23,ABT,12/31/2015,5683000000.0,-171000000,479000000,21,-1110000000,0.0,67.0,5001000000.0,-257000000,12734000000.0,8747000000.0,154.0,2119000000,0,1472000000,3346000000,3183000000,-198000000,0,5732000000.0,9638000000.0,57,11658000000.0,577000000,5562000000.0,163000000,2599000000,-821000000.0,215000000,5871000000.0,4041000000.0,115000000,0,1147000000,938000000,2966000000.0,-2236000000.0,406000000.0,4423000000,-2773000000,4423000000,2606000000,3418000000,0,2867000000,14,0.0,2013000000,373000000.0,-6658000000,-17000000,2337000000,4864000000.0,57000000,601000000,16,15,22,126.0,1405000000,25757000000.0,-1923000000,6785000000,3130000000.0,1124000000.0,41247000000.0,14155000000.0,9186000000,21211000000.0,20036000000.0,41247000000.0,20405000000.0,-10622000000.0,2015.0,2.94,1504421769.0,45.110001000000004,44.91,44.900002,45.5,4156700,Health Care,Health Care Equipment
194,BAX,12/31/2012,4409000000.0,-41000000,155000000,34,-1161000000,5769000000.0,69.0,3270000000.0,-129000000,683000000.0,6802000000.0,195.0,0,0,712000000,2925000000,2838000000,-57000000,0,6098000000.0,2502000000.0,51,7134000000.0,555000000,814000000.0,87000000,2803000000,0.0,40000000,5580000000.0,0.0,40000000,0,765000000,365000000,3106000000.0,-1115000000.0,-1569000000.0,2326000000,674000000,2326000000,2283000000,2769000000,0,2770000000,20,1716000000.0,418000000,0.0,-2810000000,-108000000,-408000000,3073000000.0,-476000000,0,20,41,17,136.0,1081000000,10888000000.0,-968000000,3283000000,350000000.0,0.0,20390000000.0,9260000000.0,4759000000,6938000000.0,13452000000.0,20390000000.0,13936000000.0,-7592000000.0,2012.0,4.22,551184834.1,65.61,66.660001,65.370001,66.670002,3866100,Health Care,Health Care Equipment
195,BAX,12/31/2013,4208000000.0,16000000,7000000,24,-706000000,5818000000.0,52.0,2733000000.0,-49000000,683000000.0,5251000000.0,194.0,0,0,635000000,503000000,375000000,-18000000,0,7832000000.0,4205000000.0,44,4162000000.0,60000000,2294000000.0,128000000,3499000000,0.0,175000000,8126000000.0,0.0,23000000,0,3096000000,-537000000,3198000000.0,1645000000.0,-5362000000.0,2012000000,-1380000000,2012000000,315000000,3415000000,0,496000000,5,698000000.0,548000000,0.0,-1976000000,-23000000,-4656000000,3364000000.0,-120000000,0,4,4,21,128.0,582000000,11852000000.0,-405000000,3084000000,1040000000.0,0.0,25224000000.0,10195000000.0,5248000000,8463000000.0,16761000000.0,25224000000.0,9413000000.0,-7914000000.0,2013.0,3.7,543783783.8,69.340001,69.549999,69.259997,69.809999,3058800,Health Care,Health Care Equipment
196,BAX,12/31/2014,3013000000.0,-93000000,-21000000,31,-925000000,5853000000.0,48.0,2925000000.0,-143000000,683000000.0,6138000000.0,168.0,0,0,792000000,635000000,490000000,-79000000,0,10499000000.0,2927000000.0,43,4581000000.0,33000000,1620000000.0,145000000,1577000000,0.0,-37000000,7331000000.0,0.0,36000000,0,-113000000,192000000,3215000000.0,-1402000000.0,-1542000000.0,2497000000,-1721000000,2497000000,457000000,1884000000,0,656000000,6,930000000.0,3776000000,1326000000.0,-3650000000,-13000000,-617000000,4614000000.0,-141000000,0,5,6,23,142.0,610000000,13227000000.0,-181000000,3315000000,1698000000.0,0.0,26138000000.0,10162000000.0,6037000000,8120000000.0,18018000000.0,26138000000.0,10719000000.0,-7993000000.0,2014.0,4.61,541648590.0,73.879998,73.29,73.259999,74.539999,2693700,Health Care,Health Care Equipment
197,BAX,12/31/2015,3119000000.0,-4000000,105000000,11,-911000000,5902000000.0,128.0,2213000000.0,-118000000,683000000.0,5822000000.0,205.0,0,0,759000000,554000000,428000000,-195000000,0,4386000000.0,2687000000.0,42,4146000000.0,35000000,1349000000.0,126000000,1604000000,0.0,236000000,3935000000.0,0.0,19000000,0,2517000000,-712000000,1647000000.0,-357000000.0,-1807000000.0,968000000,-282000000,968000000,393000000,1731000000,0,449000000,5,757000000.0,1100000000,46000000.0,224000000,-2164000000,-896000000,2425000000.0,-430000000,0,4,5,10,177.0,603000000,9683000000.0,200000000,3094000000,2585000000.0,5148000000.0,20975000000.0,11796000000.0,5750000000,8846000000.0,12129000000.0,20975000000.0,9968000000.0,-7646000000.0,2015.0,1.78,543820224.7,37.860001000000004,38.150002,37.720001,38.549999,3517900,Health Care,Health Care Equipment
210,BCR,12/31/2013,586500000.0,23500000,619300000,33,-69100000,1729600000.0,185.0,1083200000.0,-35900000,19400000.0,1194400000.0,356.0,3900000,161900000,146400000,1258400000,1213400000,-1100000,0,391200000.0,1099500000.0,61,1855100000.0,523600000,1164900000.0,45000000,356200000,0.0,-77300000,1405700000.0,0.0,0,0,0,170600000,1123300000.0,-663300000.0,-288300000.0,689800000,297900000,689800000,689800000,557800000,0,639100000,21,291200000.0,93200000,0.0,-20900000,-1200000,-219200000,798800000.0,78900000,0,40,58,23,296.0,295700000,360100000.0,-616100000,920300000,0.0,0.0,5041100000.0,2090400000.0,586500000,2088200000.0,2952900000.0,5041100000.0,3049500000.0,0.0,2013.0,8.54,80772833.72,133.53999299999998,133.940002,133.08999599999999,134.429993,279700,Health Care,Health Care Equipment
211,BCR,12/31/2014,536600000.0,21300000,-290900000,16,-126600000,1945300000.0,164.0,1007600000.0,-53900000,18700000.0,1258600000.0,333.0,11500000,145900000,174100000,490600000,445800000,-19100000,0,446400000.0,1091200000.0,62,2065000000.0,151300000,1053900000.0,44800000,376200000,7100000.0,-35000000,1401900000.0,0.0,0,0,78000000,-106800000,660000000.0,-584400000.0,-163300000.0,294500000,353000000,294500000,294500000,548500000,0,781500000,24,442500000.0,114800000,0.0,-88800000,-70200000,-43800000,1125300000.0,-94000000,0,13,25,9,272.0,302000000,-70300000.0,-561200000,981500000,78000000.0,0.0,5092600000.0,2047100000.0,614600000,1804900000.0,3287700000.0,5092600000.0,3323600000.0,0.0,2014.0,3.83,76892950.39,169.149994,166.619995,166.520004,170.229996,378700,Health Care,Health Care Equipment
212,BCR,12/31/2015,1010500000.0,-18000000,-449200000,9,-102900000,2148400000.0,82.0,1030900000.0,-33100000,18400000.0,1301200000.0,156.0,50500000,47200000,193100000,394300000,349400000,-42200000,0,472400000.0,1140600000.0,62,2114800000.0,214000000,1019100000.0,44900000,413700000,21000000.0,-217300000,1144100000.0,0.0,0,0,-82000000,-9600000,798100000.0,-554100000.0,-211400000.0,135400000,707400000,135400000,135400000,445100000,0,843500000,25,192100000.0,79600000,0.0,-208000000,-6900000,-129500000,936700000.0,30600000,0,10,24,4,123.0,259200000,-503500000.0,-440000000,1012100000,250200000.0,0.0,4844000000.0,1969300000.0,1260700000,1455300000.0,3388700000.0,4844000000.0,3416000000.0,0.0,2015.0,1.8,75222222.22,190.080002,189.440002,188.880005,190.990005,314500,Health Care,Health Care Equipment
214,BDX,9/30/2013,1923000000.0,-1000000,49000000,26,-522000000,2068000000.0,122.0,1890000000.0,-145000000,333000000.0,3883000000.0,276.0,0,408000000,546000000,1303000000,1165000000,-7000000,0,3476000000.0,1109000000.0,52,4171000000.0,236000000,1205000000.0,138000000,1402000000,-225000000.0,315000000,3763000000.0,0.0,0,0,-199000000,219000000,1717000000.0,-968000000.0,-311000000.0,1293000000,-228000000,1293000000,929000000,1240000000,0,1254000000,16,487000000.0,623000000,0.0,-497000000,0,435000000,805000000.0,-273000000,0,14,23,16,210.0,494000000,11342000000.0,-406000000,2422000000,207000000.0,718000000.0,12149000000.0,5873000000.0,2130000000,5043000000.0,7106000000.0,12149000000.0,8054000000.0,-8204000000.0,2013.0,6.63,195022624.4,99.410004,100.019997,98.849998,100.470001,795600,Health Care,Health Care Equipment
215,BDX,9/30/2014,2031000000.0,-7000000,51000000,23,-592000000,2198000000.0,123.0,1861000000.0,-189000000,333000000.0,4145000000.0,274.0,0,383000000,562000000,1657000000,1522000000,-20000000,0,3605000000.0,1090000000.0,51,4301000000.0,337000000,1125000000.0,135000000,1495000000,-171000000.0,170000000,3768000000.0,9000000.0,0,0,-4000000,-29000000,1746000000.0,-807000000.0,-948000000.0,1185000000,81000000,1185000000,1185000000,1187000000,0,1606000000,19,488000000.0,698000000,0.0,-982000000,0,-185000000,1009000000.0,-58000000,0,18,30,14,207.0,550000000,12105000000.0,-409000000,2145000000,203000000.0,889000000.0,12447000000.0,6131000000.0,2235000000,5053000000.0,7395000000.0,12448000000.0,8446000000.0,-8601000000.0,2014.0,6.13,193311582.4,114.349998,113.809998,113.739998,114.360001,1676000,Health Care,Health Care Equipment
216,BDX,9/30/2015,2930000000.0,-2000000,36000000,10,-596000000,4475000000.0,35.0,1424000000.0,200000000,333000000.0,5587000000.0,129.0,0,2430000000,891000000,1110000000,739000000,-38000000,0,4060000000.0,7537000000.0,46,4695000000.0,44000000,7386000000.0,371000000,1959000000,840000000.0,173000000,11370000000.0,1118000000.0,0,0,6655000000,-436000000,1730000000.0,6190000000.0,-8318000000.0,695000000,-170000000,695000000,695000000,1618000000,426000000,1074000000,10,717000000.0,563000000,0.0,-1718000000,0,-8561000000,1133000000.0,-58000000,0,7,10,7,84.0,632000000,12314000000.0,-27000000,2563000000,1452000000.0,95000000.0,26478000000.0,5659000000.0,4381000000,7164000000.0,19314000000.0,26478000000.0,10282000000.0,-8239000000.0,2015.0,3.43,202623906.7,132.279999,132.66000400000001,131.399994,133.669998,1004400,Health Care,Health Care Equipment
217,BDX,9/30/2016,3210000000.0,-128000000,32000000,13,-693000000,4693000000.0,43.0,1541000000.0,69000000,333000000.0,6492000000.0,145.0,0,1684000000,1114000000,1462000000,1074000000,-12000000,0,3901000000.0,7419000000.0,48,5991000000.0,97000000,6351000000.0,388000000,1719000000,-1000000.0,336000000,10550000000.0,796000000.0,0,0,-1252000000,117000000,2559000000.0,-1761000000.0,-669000000.0,976000000,-230000000,976000000,977000000,1618000000,728000000,1430000000,11,753000000.0,1122000000,189000000.0,-1907000000,0,25000000,1319000000.0,422000000,0,9,14,8,106.0,828000000,12727000000.0,-32000000,3005000000,1001000000.0,366000000.0,25586000000.0,6367000000.0,4400000000,7633000000.0,17953000000.0,25586000000.0,12483000000.0,-8212000000.0,2016.0,4.59,212636165.6,177.020004,179.729996,177.020004,180.580002,1156100,Health Care,Health Care Equipment
238,BSX,12/31/2012,1516000000.0,37000000,37000000,59,-226000000,16429000000.0,12.0,207000000.0,66000000,15000000.0,2349000000.0,171.0,0,1713000000,683000000,-3846000000,-4107000000,3000000,0,1564000000.0,5973000000.0,68,4900000000.0,-39000000,6289000000.0,261000000,884000000,-13000000.0,269000000,4252000000.0,0.0,0,0,-19000000,-60000000,1280000000.0,-764000000.0,-579000000.0,-4068000000,4361000000,-4068000000,-4068000000,1650000000,4973000000,-3868000000,53,306000000.0,281000000,252000000.0,-33000000,-166000000,-340000000,2547000000.0,-68000000,395000000,57,60,56,121.0,886000000,-8449000000.0,-579000000,2529000000,4000000.0,0.0,17154000000.0,3022000000.0,1772000000,6870000000.0,10284000000.0,17154000000.0,7249000000.0,-1092000000.0,2012.0,-2.89,1407612457.0,5.57,5.73,5.53,5.76,10146300,Health Care,Health Care Equipment
239,BSX,12/31/2013,1594000000.0,-101000000,19000000,2,-245000000,16579000000.0,12.0,217000000.0,-7000000,16000000.0,2174000000.0,165.0,0,1402000000,689000000,101000000,-223000000,-1000000,0,1546000000.0,5693000000.0,70,4969000000.0,-102000000,5950000000.0,324000000,897000000,-39000000.0,200000000,4237000000.0,0.0,0,0,-10000000,10000000,1110000000.0,-624000000.0,-475000000.0,-121000000,359000000,-121000000,-121000000,1595000000,938000000,120000000,2,371000000.0,302000000,227000000.0,106000000,-188000000,-191000000,2569000000.0,91000000,410000000,3,3,2,116.0,861000000,-8570000000.0,-426000000,2678000000,3000000.0,0.0,16571000000.0,3011000000.0,1824000000,6539000000.0,10032000000.0,16571000000.0,7143000000.0,-1592000000.0,2013.0,-0.09,1344444444.0,11.99,12.02,11.91,12.03,5607000,Health Care,Health Care Equipment
240,BSX,12/31/2014,2212000000.0,53000000,20000000,2,-259000000,16703000000.0,21.0,587000000.0,-81000000,16000000.0,2210000000.0,127.0,0,1214000000,734000000,-293000000,-509000000,-4000000,0,1507000000.0,5898000000.0,70,5170000000.0,-390000000,5606000000.0,216000000,946000000,-12000000.0,1023000000,3841000000.0,0.0,0,0,0,370000000,1269000000.0,-150000000.0,-745000000.0,-119000000,-308000000,-119000000,-119000000,1630000000,1411000000,-301000000,4,407000000.0,443000000,231000000.0,144000000,-85000000,-474000000,2666000000.0,-33000000,438000000,7,8,2,93.0,817000000,-8689000000.0,-65000000,2817000000,403000000.0,0.0,17024000000.0,3606000000.0,2846000000,6457000000.0,10567000000.0,17024000000.0,7380000000.0,-1717000000.0,2014.0,-0.09,1322222222.0,13.37,13.25,13.12,13.41,7875400,Health Care,Health Care Equipment
241,BSX,12/31/2015,2179000000.0,-17000000,-39000000,4,-247000000,16860000000.0,13.0,319000000.0,3000000,16000000.0,2173000000.0,143.0,0,735000000,805000000,-366000000,-650000000,-4000000,0,1490000000.0,6473000000.0,71,5304000000.0,-411000000,6194000000.0,284000000,1016000000,-205000000.0,317000000,5674000000.0,0.0,0,0,1430000000,-268000000,600000000.0,1322000000.0,-2186000000.0,-239000000,-246000000,-239000000,-239000000,1771000000,1264000000,-327000000,4,505000000.0,365000000,248000000.0,88000000,-222000000,-1734000000,2974000000.0,-23000000,495000000,9,10,3,101.0,876000000,-8927000000.0,114000000,2996000000,3000000.0,0.0,18133000000.0,3471000000.0,2430000000,6320000000.0,11813000000.0,18133000000.0,7477000000.0,-1717000000.0,2015.0,-0.18,1327777778.0,18.48,18.440001000000002,18.440001000000002,18.66,5367000,Health Care,Health Care Equipment
588,EW,12/31/2012,347400000.0,-26500000,3100000,20,-109000000,489000000.0,150.0,310900000.0,-21700000,124200000.0,491000000.0,372.0,47300000,0,53700000,392600000,388200000,12000000,0,373300000.0,384700000.0,74,1408600000.0,96700000,67000000.0,4400000,281000000,69900000.0,82700000,189300000.0,31000000.0,0,0,39500000,139700000,362100000.0,-155600000.0,-78800000.0,291500000,-30600000,291500000,291500000,390900000,30400000,389500000,21,26300000.0,98600000,0.0,-37900000,1500000,-39700000,205500000.0,13000000,0,20,26,15,291.0,291300000,1653900000.0,-244000000,697400000,0.0,210500000.0,2221500000.0,1291900000.0,347400000,1479300000.0,742200000.0,2221500000.0,1899600000.0,-749900000.0,2012.0,2.55,114313725.5,89.16999799999999,90.16999799999999,88.739998,90.199997,1015000,Health Care,Health Care Equipment
589,EW,12/31/2013,345600000.0,8500000,3300000,25,-109000000,671200000.0,271.0,420400000.0,-44400000,126000000.0,516600000.0,499.0,79000000,0,62900000,521000000,511200000,14600000,0,421600000.0,385400000.0,75,1528900000.0,122100000,33500000.0,9800000,308900000,-300900000.0,80800000,593100000.0,29200000.0,0,0,409600000,109500000,472700000.0,34900000.0,-412700000.0,389100000,-31800000,389100000,389100000,361400000,-61500000,517700000,25,35400000.0,118600000,0.0,-27600000,3200000,-2800000,226800000.0,7600000,0,25,33,19,410.0,323000000,2030800000.0,-451400000,749700000,0.0,516500000.0,2709900000.0,1725800000.0,345600000,1544400000.0,1165500000.0,2709900000.0,2045500000.0,-1256000000.0,2013.0,3.51,110854700.9,65.690002,65.760002,65.040001,65.870003,1291400,Health Care,Health Care Equipment
590,EW,12/31/2014,426100000.0,-26800000,-1300000,37,-82900000,878400000.0,338.0,653800000.0,-30500000,128900000.0,625600000.0,524.0,153700000,0,68600000,1161200000,1144000000,-2900000,0,442900000.0,376000000.0,73,1697300000.0,332900000,23400000.0,17200000,296800000,-527400000.0,241000000,598100000.0,246700000.0,0,0,-12700000,233400000,1022300000.0,-153000000.0,-633000000.0,811100000,-47700000,811100000,811100000,325000000,-740400000,1162500000,50,49200000.0,170500000,0.0,-100900000,-2100000,-22700000,307400000.0,6600000,0,49,52,35,454.0,346500000,2841900000.0,-187600000,928700000,0.0,785000000.0,3523000000.0,2231100000.0,426100000,2191400000.0,1331600000.0,3523000000.0,2322900000.0,-1556900000.0,2014.0,7.62,106443569.6,129.690002,127.379997,127.199997,130.600006,830000,Health Care,Health Care Equipment
591,EW,12/31/2015,476200000.0,-38300000,3900000,20,-102700000,946800000.0,257.0,718400000.0,-67700000,239100000.0,617200000.0,430.0,180500000,0,65800000,639600000,622400000,-10400000,0,482500000.0,628300000.0,75,1876500000.0,127500000,205400000.0,17200000,339900000,119600000.0,163900000,599900000.0,383500000.0,0,0,1900000,64600000,549700000.0,-158600000.0,-316100000.0,494900000,-75400000,494900000,494900000,344100000,7000000,635700000,25,131200000.0,139200000,0.0,-182600000,-8900000,-333000000,480100000.0,6500000,0,25,25,20,359.0,383100000,3336800000.0,-192900000,850700000,0.0,506300000.0,4059300000.0,2047900000.0,476200000,2503100000.0,1556200000.0,4059300000.0,2493700000.0,-1837000000.0,2015.0,2.3,215173913.0,78.809998,78.980003,78.41999799999999,79.760002,1443400,Health Care,Health Care Equipment
827,IDXX,12/31/2012,173034000.0,3487000,1902000,28,-57618000,757214000.0,55.0,223986000.0,-17208000,10016000.0,594190000.0,140.0,0,35720000,52408000,264465000,260617000,1157000,0,245177000.0,174994000.0,54,699148000.0,82330000,62833000.0,3848000,140946000,0.0,4177000,1394000.0,0.0,34000,0,-31917000,40091000,222408000.0,-125343000.0,-58131000.0,178267000,-2676000,178267000,178267000,166038000,0,262563000,20,51061000.0,38567000,20192000.0,20584000,0,-513000,23898000.0,3933000,0,20,41,14,105.0,82014000,1305593000.0,-108102000,354571000,213107000.0,0.0,1103602000.0,569537000.0,406333000,636223000.0,467379000.0,1103602000.0,1293338000.0,-1457184000.0,2012.0,3.24,55020679.01,91.5,92.800003,91.089996,93.0,572400,Health Care,Health Care Equipment
828,IDXX,12/31/2013,178860000.0,-15946000,1885000,36,-77612000,825320000.0,58.0,279058000.0,-1347000,10119000.0,620940000.0,136.0,0,52375000,54596000,268647000,263261000,-2414000,0,281214000.0,180521000.0,55,756118000.0,75467000,58844000.0,5386000,133427000,0.0,2043000,150359000.0,0.0,28000,0,213893000,55072000,245996000.0,-102451000.0,-86059000.0,187800000,6669000,187800000,187800000,191264000,0,266762000,19,57231000.0,48957000,21458000.0,18732000,0,-8447000,31215000.0,12187000,0,19,51,14,109.0,88003000,1493393000.0,-329526000,401353000,278035000.0,0.0,1230516000.0,652706000.0,478353000,518186000.0,712330000.0,1230516000.0,1377058000.0,-1829378000.0,2013.0,3.53,53201133.14,107.18,106.370003,105.559998,107.18,739800,Health Care,Health Care Equipment
829,IDXX,12/31/2014,240094000.0,-3626000,1729000,155,-60523000,888293000.0,39.0,322536000.0,-38310000,10195000.0,669691000.0,93.0,0,63353000,58888000,261984000,246555000,-8517000,0,303587000.0,184450000.0,55,816116000.0,64604000,65122000.0,15429000,160342000,5400000.0,20898000,350000000.0,0.0,73000,0,470606000,43478000,235846000.0,-103438000.0,-80413000.0,181906000,4726000,181906000,181906000,190069000,0,260255000,18,71654000.0,86451000,31812000.0,-3005000,0,-25290000,32363000.0,11319000,0,17,210,12,73.0,98263000,1675299000.0,-588716000,457598000,549000000.0,0.0,1384211000.0,759398000.0,820906000,117516000.0,1266695000.0,1384211000.0,1485807000.0,-2453266000.0,2014.0,3.63,50111845.73,150.0,148.270004,148.110001,150.600006,619000,Health Care,Health Care Equipment
830,IDXX,12/31/2015,258178000.0,-50142000,2468000,228,-82921000,940534000.0,40.0,128994000.0,-34969000,10258000.0,711622000.0,96.0,0,76444000,70388000,302380000,273141000,-5948000,0,333026000.0,178934000.0,56,890270000.0,81006000,55909000.0,29239000,188833000,-215183000.0,-2787000,597085000.0,0.0,130000,0,274097000,-193542000,216364000.0,-95552000.0,-308406000.0,192078000,23652000,192078000,192078000,228147000,8212000,299912000,19,85490000.0,62069000,25583000.0,-36856000,0,-10302000,28698000.0,18087000,0,17,325,12,74.0,99681000,318356000.0,-379584000,482465000,573000000.0,213591000.0,1474993000.0,821634000.0,856761000,-84125000.0,1559118000.0,1474993000.0,1601892000.0,-1316417000.0,2015.0,2.07,92791304.35,73.529999,72.91999799999999,72.900002,74.16999799999999,361600,Health Care,Health Care Equipment
859,ISRG,12/31/2013,180800000.0,68900000,18400000,19,-104600000,2519900000.0,368.0,782100000.0,-70000000,0.0,670900000.0,507.0,126100000,0,67300000,870900000,870900000,0,0,309900000.0,137400000.0,70,1594200000.0,199900000,94100000.0,0,179600000,363600000.0,-15900000,0.0,1350400000.0,0,0,0,228400000,880000000.0,-910600000.0,259000000.0,671000000,163700000,671000000,671000000,311000000,0,852500000,38,0.0,38300000,200100000.0,2100000,0,0,68000000.0,-5000000,0,38,25,30,460.0,167700000,979400000.0,-948600000,574000000,0.0,621400000.0,3950300000.0,1932400000.0,380900000,3501400000.0,448900000.0,3950300000.0,2265100000.0,0.0,2013.0,17.12,39193925.23,382.200012,384.079987,378.089996,384.390015,353600,Health Care,Health Care Equipment
860,ISRG,12/31/2014,284600000.0,-13700000,4200000,12,-105600000,2896800000.0,246.0,600300000.0,-26800000,0.0,717900000.0,362.0,171300000,0,74400000,549000000,549000000,-600000,0,387400000.0,198000000.0,66,1413800000.0,130200000,126300000.0,0,181700000,36000000.0,122300000,0.0,1264500000.0,0,0,0,-181800000,665100000.0,-692400000.0,-153900000.0,418800000,157700000,418800000,418800000,315100000,0,544800000,26,0.0,82600000,216600000.0,-5100000,0,-84300000,78800000.0,-67600000,0,26,16,20,325.0,178000000,487700000.0,-716400000,691000000,0.0,632200000.0,3959400000.0,1811900000.0,501200000,3379400000.0,580000000.0,3959400000.0,2131700000.0,0.0,2014.0,11.35,36898678.41,528.1900019999999,528.9400019999999,525.419983,536.0,148900,Health Care,Health Care Equipment
861,ISRG,12/31/2015,266300000.0,-79200000,18500000,14,-81000000,3429800000.0,317.0,714600000.0,-10700000,0.0,806500000.0,446.0,167800000,0,89500000,758500000,758500000,-1500000,0,432100000.0,201100000.0,66,1577900000.0,169700000,122800000.0,0,167900000,-768500000.0,7900000,0.0,1788000000.0,0,0,0,114300000,771900000.0,193400000.0,-849500000.0,588800000,186100000,588800000,588800000,394300000,0,740000000,31,0.0,73500000,225600000.0,-9500000,-18300000,0,95900000.0,-10500000,0,32,18,25,412.0,197400000,899200000.0,177400000,640500000,0.0,845200000.0,4907300000.0,2195500000.0,491900000,4319500000.0,587800000.0,4907300000.0,2384400000.0,0.0,2015.0,15.87,37101449.28,550.6099849999999,546.159973,545.75,552.880005,179800,Health Care,Health Care Equipment
1482,SYK,12/31/2013,2632000000.0,-89000000,-44000000,11,-195000000,1160000000.0,150.0,1339000000.0,-77000000,38000000.0,3002000000.0,314.0,0,0,307000000,1212000000,1212000000,-25000000,0,1081000000.0,3844000000.0,67,6019000000.0,206000000,1989000000.0,0,1422000000,298000000.0,-88000000,2739000000.0,0.0,0,0,1005000000,-56000000,1886000000.0,300000000.0,-2217000000.0,1006000000,749000000,1006000000,1006000000,2398000000,0,1256000000,14,494000000.0,535000000,0.0,232000000,13000000,-2320000000,1300000000.0,78000000,138000000,13,13,11,260.0,536000000,7617000000.0,-317000000,4089000000,25000000.0,2641000000.0,15743000000.0,8335000000.0,2657000000,9047000000.0,6696000000.0,15743000000.0,9021000000.0,0.0,2013.0,2.66,378195488.7,75.25,75.139999,74.900002,75.25,1006400,Health Care,Health Care Equipment
1483,SYK,12/31/2014,3734000000.0,-89000000,-86000000,6,-233000000,1252000000.0,112.0,1795000000.0,-173000000,38000000.0,3319000000.0,195.0,0,0,378000000,1160000000,1160000000,-77000000,0,1098000000.0,4186000000.0,66,6356000000.0,645000000,2018000000.0,0,1588000000,-729000000.0,140000000,3246000000.0,0.0,0,0,1159000000,456000000,1782000000.0,629000000.0,-1878000000.0,515000000,1083000000,515000000,515000000,1572000000,0,1246000000,13,1293000000.0,524000000,0.0,-254000000,11000000,-916000000,977000000.0,-72000000,188000000,12,13,5,159.0,614000000,7559000000.0,-100000000,4308000000,727000000.0,3205000000.0,17279000000.0,8684000000.0,4461000000,8595000000.0,8684000000.0,17279000000.0,9675000000.0,0.0,2014.0,1.36,378676470.6,95.980003,94.33000200000001,94.25,96.33000200000001,888100,Health Care,Health Care Equipment
1484,SYK,12/31/2015,2734000000.0,-151000000,-126000000,17,-270000000,1321000000.0,116.0,3379000000.0,-115000000,37000000.0,3344000000.0,227.0,0,0,397000000,1735000000,1735000000,-130000000,0,1199000000.0,4136000000.0,66,6602000000.0,296000000,1794000000.0,0,1639000000,2379000000.0,-1388000000,3230000000.0,0.0,0,0,48000000,1584000000,899000000.0,-1141000000.0,1956000000.0,1439000000,503000000,1439000000,1439000000,1662000000,0,1861000000,19,1151000000.0,563000000,0.0,-639000000,6000000,-153000000,980000000.0,214000000,210000000,17,20,14,180.0,625000000,7792000000.0,-700000000,3906000000,768000000.0,700000000.0,16223000000.0,7943000000.0,3502000000,8511000000.0,7712000000.0,16223000000.0,9946000000.0,0.0,2015.0,3.82,376701570.7,93.629997,92.940002,92.91999799999999,93.940002,910900,Health Care,Health Care Equipment
1534,TMO,12/31/2012,1803700000.0,12000000,-212700000,8,-315100000,10501100000.0,39.0,805600000.0,-59900000,413500000.0,7214400000.0,231.0,0,2047200000,983700000,1269400000,1269400000,38400000,0,1726400000.0,12474500000.0,42,5295500000.0,11000000,7804500000.0,0,1443300000,1900000.0,137200000,7031200000.0,0.0,0,0,78300000,-210700000,2039500000.0,-917700000.0,-1370900000.0,1177900000,-59400000,1177900000,1258400000,1986900000,82100000,1482100000,12,604400000.0,594700000,196500000.0,-150400000,-4600000,-1057700000,808200000.0,-123600000,0,10,8,9,162.0,376400000,7697300000.0,-895900000,3354900000,93100000.0,4300000.0,27444600000.0,4834800000.0,2093300000,15464700000.0,11979900000.0,27444600000.0,12509900000.0,-2996800000.0,2012.0,3.24,363549382.7,62.810001,63.779999,62.299999,63.869999,1451200,Health Care,Health Care Equipment
1535,TMO,12/31/2013,1939400000.0,-147900000,-290100000,8,-282400000,8222600000.0,187.0,5826000000.0,-72200000,369600000.0,7561200000.0,316.0,0,1609900000,999900000,1319500000,1319500000,-37000000,0,1767400000.0,12503300000.0,42,5529100000.0,40400000,7071300000.0,0,1494500000,7600000.0,210300000,9499600000.0,0.0,0,0,3354700000,5020400000,2010700000.0,3310000000.0,-263300000.0,1273300000,-378300000,1273300000,1279100000,2134800000,77700000,1609600000,12,640700000.0,420900000,198900000.0,-77200000,-17900000,11500000,771800000.0,130500000,0,10,8,10,268.0,395500000,8753300000.0,140600000,3446300000,987700000.0,4500000.0,31863400000.0,9880700000.0,3126000000,16856100000.0,15007300000.0,31863400000.0,13090300000.0,-412200000.0,2013.0,3.53,360708215.3,110.910004,111.349998,110.639999,111.440002,1147900,Health Care,Health Care Equipment
1536,TMO,12/31/2014,2825500000.0,-145400000,-415800000,9,-427600000,11473600000.0,25.0,1343500000.0,-109800000,408500000.0,9397600000.0,122.0,0,3430700000,1684800000,2087200000,2087200000,-115500000,0,2426500000.0,18842600000.0,44,7492000000.0,191700000,14110100000.0,0,1859500000,88600000.0,309600000,12351600000.0,0.0,0,0,1876400000,-4482500000,2619600000.0,4796100000.0,-11782700000.0,1894400000,-1123200000,1894400000,1895500000,2776900000,-598200000,2503000000,15,933100000.0,559900000,311900000.0,-1285000000,-8500000,-11443700000,1171900000.0,113500000,0,12,10,11,87.0,691100000,10406900000.0,3097400000,4896100000,2212400000.0,0.0,42852100000.0,6539800000.0,5349800000,20548100000.0,22304000000.0,42852100000.0,16889600000.0,-455900000.0,2014.0,4.76,397983193.3,127.230003,125.290001,125.260002,127.839996,1045900,Health Care,Health Care Equipment
1537,TMO,12/31/2015,2776600000.0,-149400000,-399800000,9,-422900000,11801200000.0,11.0,452100000.0,-140700000,411900000.0,9209500000.0,138.0,0,2622600000,1688200000,1936400000,1936400000,-129600000,0,2448800000.0,18827600000.0,46,7755900000.0,-43900000,12758300000.0,0,1991700000,12000000.0,145000000,11473900000.0,0.0,0,0,-1932700000,-891400000,2816900000.0,-2491300000.0,-1087400000.0,1975400000,-401100000,1975400000,1980300000,2544900000,115300000,2336200000,14,1113100000.0,752500000,317900000.0,-1997300000,-6100000,-676500000,1295000000.0,-291800000,0,11,9,12,90.0,692300000,12142300000.0,-376000000,4612100000,1052800000.0,0.0,40889000000.0,5741200000.0,4147300000,21350200000.0,19538800000.0,40889000000.0,16965400000.0,-1007900000.0,2015.0,4.96,398266129.0,141.970001,141.850006,141.83999599999999,143.21000700000002,1145000,Health Care,Health Care Equipment
1626,VAR,9/27/2013,675800000.0,-43301000,7322000,26,-76277000,637084000.0,102.0,1117861000.0,-76400000,106491000.0,1693210000.0,233.0,0,0,62859000,616212000,612083000,2731000,0,315331000.0,225335000.0,42,1249687000.0,173835000,0.0,4129000,535223000,-20044000.0,49651000,450000000.0,0.0,0,0,345000000,413291000,455185000.0,51646000.0,-96271000.0,438248000,39822000,438248000,438248000,820504000,0,608890000,21,223025000.0,168495000,428529000.0,-40071000,-12586000,50000,144048000.0,-15694000,0,21,36,15,187.0,208208000,1010343000.0,-290351000,432589000,56250000.0,62700000.0,3468474000.0,2704783000.0,1160579000,1713847000.0,1754627000.0,3468474000.0,2942897000.0,0.0,2013.0,4.04,108477227.7,73.849998,74.18,73.709999,74.5,554000,Health Care,Health Care Equipment
1627,VAR,9/26/2014,729809000.0,-74500000,10500000,25,-89600000,642848000.0,76.0,849275000.0,-43300000,100942000.0,1748100000.0,208.0,0,0,62500000,581700000,574500000,11000000,0,337999000.0,240626000.0,43,1301700000.0,170800000,0.0,7200000,572261000,-12600000.0,33100000,387500000.0,0.0,0,0,-68800000,-268600000,449000000.0,-595500000.0,-133100000.0,403700000,70800000,403700000,403700000,857891000,25100000,571200000,19,284500000.0,148562000,421845000.0,-58611000,-800000,-30900000,151716000.0,-3300000,0,19,36,13,160.0,234800000,931241000.0,-536800000,470600000,50000000.0,66176000.0,3357290000.0,2494165000.0,1201654000,1616420000.0,1740870000.0,3357290000.0,3049800000.0,0.0,2014.0,3.88,104046391.8,81.029999,80.900002,80.160004,81.309998,1049400,Health Care,Health Care Equipment
1628,VAR,10/2/2015,550100000.0,-79400000,13600000,24,-91400000,682200000.0,61.0,845500000.0,-41600000,98100000.0,1816400000.0,174.0,119400000,0,68500000,562600000,554700000,14200000,0,379200000.0,283500000.0,41,1282700000.0,142700000,72600000.0,7900000,612600000,-24900000.0,64100000,337500000.0,0.0,14700000,0,58600000,-3800000,469600000.0,-276700000.0,-210900000.0,411500000,54200000,411500000,411500000,770900000,0,549000000,18,331000000.0,164000000,668200000.0,-86500000,-600000,-94600000,138200000.0,-8200000,0,18,32,13,129.0,245200000,1017800000.0,-347300000,488500000,158400000.0,0.0,3578700000.0,2393000000.0,1376700000,1711600000.0,1867100000.0,3578700000.0,3099100000.0,0.0,2015.0,4.13,99636803.87,72.980003,75.190002,72.739998,75.239998,792200,Health Care,Health Care Equipment
1629,VAR,9/30/2016,613800000.0,-168300000,17400000,23,-80400000,678600000.0,58.0,843500000.0,-27700000,93700000.0,1856500000.0,162.0,138900000,0,79800000,568200000,556400000,-3300000,0,379200000.0,294700000.0,42,1361300000.0,153700000,104700000.0,11800000,639700000,-8100000.0,30500000,287500000.0,0.0,3700000,10300000,167100000,-2000000,356300000.0,-245800000.0,-109200000.0,402300000,31300000,402300000,402300000,891800000,0,550800000,17,282500000.0,145700000,620600000.0,-100800000,-5100000,-20700000,160000000.0,8000000,0,17,32,13,122.0,253500000,1069000000.0,-411700000,557000000,379600000.0,95300000.0,3816000000.0,2616000000.0,1614000000,1740500000.0,2075500000.0,3816000000.0,3217800000.0,0.0,2016.0,4.22,95331753.55,99.120003,99.529999,99.07,100.07,1137500,Health Care,Health Care Equipment
1769,ZBH,12/31/2012,206900000.0,-45500000,15600000,13,-263600000,3500600000.0,180.0,884300000.0,-67500000,2600000.0,1125200000.0,428.0,0,0,363100000,1063000000,990100000,-7300000,0,1210700000.0,2571800000.0,75,3346500000.0,237200000,740700000.0,72900000,995300000,-251600000.0,107000000,1720800000.0,0.0,5400000,0,97200000,116000000,1151900000.0,-436500000.0,-592100000.0,755000000,99300000,755000000,755000000,1081200000,251400000,1047400000,23,780500000.0,76300000,559000000.0,343900000,0,-76900000,559300000.0,-57400000,0,22,17,17,313.0,225600000,7085900000.0,-438700000,1822100000,100100000.0,671600000.0,9012400000.0,3708700000.0,866000000,5860900000.0,3151500000.0,9012400000.0,4471700000.0,-5072100000.0,2012.0,4.32,174768518.5,65.41999799999999,66.660004,65.150002,66.660004,1107900,Health Care,Health Care Equipment
1770,ZBH,12/31/2013,367500000.0,-74300000,9600000,12,-292900000,4000600000.0,175.0,1080600000.0,-148100000,2600000.0,1266700000.0,407.0,0,0,358500000,1078200000,1008100000,-17000000,0,1224700000.0,2611200000.0,73,3356700000.0,229500000,707700000.0,70100000,1074500000,98100000.0,33600000,1672300000.0,0.0,2800000,0,-97500000,196300000,963100000.0,-467300000.0,-282500000.0,780400000,-39900000,780400000,780400000,1208500000,210300000,1068600000,23,839300000.0,107100000,664100000.0,367100000,0,-87700000,576600000.0,54700000,78500000,22,16,17,303.0,203000000,7712700000.0,-246000000,1796300000,0.0,727000000.0,9580600000.0,4197700000.0,1031600000,6297300000.0,3283300000.0,9580600000.0,4623400000.0,-5785700000.0,2013.0,4.49,173808463.3,93.5,93.190002,92.879997,93.650002,650000,Health Care,Health Care Equipment
1771,ZBH,12/31/2014,225500000.0,-40400000,-34800000,11,-342300000,4330700000.0,166.0,1083300000.0,-164600000,2700000.0,1242800000.0,421.0,0,45900000,375800000,1002500000,939400000,-18300000,0,1285300000.0,2514200000.0,73,3430500000.0,220200000,603500000.0,63100000,1193300000,-68700000.0,108400000,1425500000.0,0.0,1800000,0,2300000,2700000,1052800000.0,-562400000.0,-469400000.0,720300000,-9600000,720300000,720300000,1107000000,341100000,1037300000,22,941700000.0,317200000,798500000.0,38100000,0,-58400000,610900000.0,64000000,92500000,20,14,15,305.0,187400000,8362100000.0,-116200000,1772200000,0.0,612500000.0,9658000000.0,4313300000.0,1024000000,6549900000.0,3108100000.0,9658000000.0,4673300000.0,-6183700000.0,2014.0,4.26,169084507.0,115.059998,113.41999799999999,113.389999,115.75,689900,Health Care,Health Care Equipment
1772,ZBH,12/31/2015,432000000.0,-56100000,-27500000,1,-434100000,8195300000.0,100.0,1459300000.0,-205400000,3000000.0,1800600000.0,362.0,0,3150200000,712400000,439800000,153200000,-22600000,0,2062600000.0,9934200000.0,70,4197200000.0,7000000,8746300000.0,286600000,2254100000,588100000.0,-263100000,11556300000.0,0.0,1500000,0,-239900000,376000000,816700000.0,7139800000.0,-7557900000.0,147000000,341200000,147000000,147000000,1446500000,831800000,467300000,8,613500000.0,538400000,1185900000.0,-329000000,0,-7711900000,1005700000.0,141500000,337400000,3,2,2,223.0,268800000,8347700000.0,-44800000,2291900000,0.0,164600000.0,27219500000.0,5862900000.0,1617900000,9887900000.0,17331600000.0,27219500000.0,5997800000.0,-6329100000.0,2015.0,0.78,188461538.5,101.980003,102.589996,101.660004,103.129997,659600,Health Care,Health Care Equipment
