Unnamed: 0.1,Ticker Symbol,Period Ending,Accounts Payable,Accounts Receivable,Add'l income/expense items,After Tax ROE,Capital Expenditures,Capital Surplus,Cash Ratio,Cash and Cash Equivalents,Changes in Inventories,Common Stocks,Cost of Revenue,Current Ratio,Deferred Asset Charges,Deferred Liability Charges,Depreciation,Earnings Before Interest and Tax,Earnings Before Tax,Effect of Exchange Rate,Equity Earnings/Loss Unconsolidated Subsidiary,Fixed Assets,Goodwill,Gross Margin,Gross Profit,Income Tax,Intangible Assets,Interest Expense,Inventory,Investments,Liabilities,Long-Term Debt,Long-Term Investments,Minority Interest,Misc. Stocks,Net Borrowings,Net Cash Flow,Net Cash Flow-Operating,Net Cash Flows-Financing,Net Cash Flows-Investing,Net Income,Net Income Adjustments,Net Income Applicable to Common Shareholders,Net Income-Cont. Operations,Net Receivables,Non-Recurring Items,Operating Income,Operating Margin,Other Assets,Other Current Assets,Other Current Liabilities,Other Equity,Other Financing Activities,Other Investing Activities,Other Liabilities,Other Operating Activities,Other Operating Items,Pre-Tax Margin,Pre-Tax ROE,Profit Margin,Quick Ratio,Research and Development,Retained Earnings,Sale and Purchase of Stock,"Sales, General and Admin.",Short-Term Debt / Current Portion of Long-Term Debt,Short-Term Investments,Total Assets,Total Current Assets,Total Current Liabilities,Total Equity,Total Liabilities,Total Liabilities & Equity,Total Revenue,Treasury Stock,For Year,Earnings Per Share,Estimated Shares Outstanding,Open,Close,Low,High,Volume,GICS Sector,GICS Sub Industry
366,COL,9/30/2013,1264000000.0,-97000000,17000000,39,-120000000,1469000000.0,20.0,391000000.0,-96000000,2000000.0,3103000000.0,156.0,245000000,0,177000000,893000000,865000000,5000000,0,773000000.0,779000000.0,31,1371000000.0,235000000,288000000.0,28000000,1518000000,0.0,154000000,563000000.0,0.0,5000000,0,235000000,56000000,593000000.0,-448000000.0,-118000000.0,632000000,-5000000,632000000,630000000,1077000000,0,876000000,20,221000000.0,108000000,281000000.0,-1287000000,0,2000000,1233000000.0,-148000000,0,19,53,14,80.0,0,4163000000.0,-528000000,495000000,436000000.0,0.0,5400000000.0,3094000000.0,1981000000,1618000000.0,3782000000.0,5400000000.0,4474000000.0,-2729000000.0,2013.0,4.63,136501079.9,67.870003,67.860001,67.68,68.190002,916800,Industrials,Industrial Conglomerates
367,COL,9/30/2014,1409000000.0,67000000,25000000,32,-163000000,1489000000.0,15.0,323000000.0,-84000000,2000000.0,3469000000.0,146.0,101000000,0,225000000,941000000,882000000,-12000000,0,919000000.0,1863000000.0,30,1510000000.0,264000000,688000000.0,59000000,1709000000,0.0,-65000000,1663000000.0,0.0,5000000,0,1158000000,-68000000,660000000.0,827000000.0,-1537000000.0,604000000,119000000,604000000,618000000,1042000000,0,916000000,18,288000000.0,130000000,285000000.0,-1366000000,-1000000,-1374000000,1313000000.0,-212000000,0,18,47,12,68.0,0,4605000000.0,-174000000,594000000,504000000.0,0.0,7063000000.0,3204000000.0,2198000000,1884000000.0,5179000000.0,7063000000.0,4979000000.0,-2846000000.0,2014.0,4.47,135123042.5,78.970001,78.5,78.209999,79.190002,510000,Industrials,Industrial Conglomerates
368,COL,9/30/2015,1357000000.0,-46000000,15000000,37,-210000000,1519000000.0,12.0,252000000.0,-23000000,2000000.0,3630000000.0,157.0,165000000,0,252000000,1023000000,962000000,-23000000,0,964000000.0,1904000000.0,31,1614000000.0,268000000,703000000.0,61000000,1824000000,0.0,77000000,1680000000.0,0.0,5000000,0,-56000000,-71000000,749000000.0,-492000000.0,-294000000.0,686000000,50000000,686000000,694000000,1038000000,0,1008000000,19,344000000.0,110000000,255000000.0,-1699000000,-1000000,-84000000,1684000000.0,-258000000,0,18,51,13,68.0,0,5124000000.0,-281000000,606000000,448000000.0,0.0,7304000000.0,3224000000.0,2060000000,1875000000.0,5429000000.0,7304000000.0,5244000000.0,-3071000000.0,2015.0,5.19,132177264.0,80.639999,81.839996,80.5,82.0,1197100,Industrials,Industrial Conglomerates
369,COL,9/30/2016,1325000000.0,-91000000,20000000,35,-193000000,1506000000.0,14.0,340000000.0,-18000000,1000000.0,3642000000.0,149.0,219000000,0,253000000,999000000,935000000,-4000000,0,1035000000.0,1919000000.0,31,1617000000.0,208000000,667000000.0,64000000,1939000000,0.0,-11000000,1382000000.0,0.0,6000000,0,-8000000,88000000,723000000.0,-422000000.0,-209000000.0,728000000,71000000,728000000,727000000,1094000000,0,979000000,19,377000000.0,117000000,281000000.0,-1898000000,-2000000,-16000000,1895000000.0,-209000000,0,18,45,14,66.0,0,3327000000.0,-240000000,638000000,740000000.0,0.0,7707000000.0,3490000000.0,2346000000,2078000000.0,5629000000.0,7707000000.0,5259000000.0,-858000000.0,2016.0,5.58,130465949.8,84.540001,84.339996,84.089996,84.720001,590500,Industrials,Industrial Conglomerates
460,DHR,12/31/2012,4150600000.0,-79700000,3200000,13,-458300000,3688100000.0,40.0,1678700000.0,69800000,7700000.0,8846100000.0,180.0,0,0,839800000,3168300000,3010800000,2700000,69900000,2140900000.0,15462000000.0,52,9414300000.0,711500000,6344000000.0,157500000,1813400000,0.0,203800000,5287600000.0,548300000.0,67400000,0,134400000,1141700000,3415000000.0,-388400000.0,-1887600000.0,2392200000,-8400000,2392200000,2299300000,3267300000,0,3165100000,17,858000000.0,828400000,0.0,-59200000,0,-1429300000,4363400000.0,84600000,0,16,16,13,137.0,1137900000,15379900000.0,-436400000,5181200000,55500000.0,0.0,32941000000.0,7587800000.0,4206100000,19016500000.0,13924500000.0,32941000000.0,18260400000.0,0.0,2012.0,3.45,693391304.3,54.83,55.900002,54.570002,55.95,3194000,Industrials,Industrial Conglomerates
461,DHR,12/31/2013,4465100000.0,-35200000,437000000,12,-538100000,4157600000.0,69.0,3115200000.0,43500000,7900000.0,8941100000.0,201.0,0,0,850600000,3557500000,3416300000,9500000,0,2211300000.0,16038200000.0,51,9342000000.0,825700000,6247700000.0,141200000,1783500000,958600000.0,109600000,3436700000.0,0.0,66100000,0,-1731100000,1436500000,3585300000.0,-1605800000.0,-552500000.0,2695000000,-359500000,2695000000,2590600000,3451600000,0,3120500000,17,1061300000.0,763400000,0.0,214500000,0,-973000000,4256700000.0,163400000,0,19,15,15,162.0,1104400000,18005300000.0,177400000,5117100000,62300000.0,0.0,34672200000.0,9113700000.0,4527400000,22385300000.0,12286900000.0,34672200000.0,18283100000.0,0.0,2013.0,3.87,696382428.9,77.11000200000001,77.200002,76.85,77.329998,1390300,Industrials,Industrial Conglomerates
462,DHR,12/31/2014,5016500000.0,-113400000,173200000,11,-580600000,4480900000.0,56.0,3005600000.0,49900000,7900000.0,9261400000.0,175.0,0,0,889500000,3519800000,3400700000,-205500000,0,2171900000.0,15673200000.0,52,9892600000.0,857600000,7059500000.0,119100000,1782800000,253800000.0,227000000,3401500000.0,0.0,71700000,0,-102500000,-109600000,3758400000.0,-218200000.0,-3444300000.0,2598400000,-96300000,2598400000,2543100000,3445800000,0,3346600000,17,2655800000.0,1197100000,308000000.0,-1433700000,-20900000,-3117500000,4744000000.0,62900000,0,18,15,14,142.0,1157000000,20323000000.0,132900000,5389000000,71900000.0,0.0,36991700000.0,9431300000.0,5396400000,23378100000.0,13613600000.0,36991700000.0,19154000000.0,0.0,2014.0,3.7,702270270.3,86.559999,85.710003,85.68000500000001,86.820001,2734600,Industrials,Industrial Conglomerates
463,DHR,12/31/2015,5325200000.0,-52100000,17700000,14,-633000000,4981200000.0,13.0,790800000.0,119700000,8000000.0,9800600000.0,127.0,0,0,1051300000,3486800000,3324000000,-115800000,0,2825600000.0,25070300000.0,52,10762500000.0,725300000,11270300000.0,162800000,2095400000,-44100000.0,221800000,12025200000.0,0.0,73700000,0,9158600000,-2214800000,3801800000.0,9050200000.0,-14951000000.0,3357400000,-632100000,3357400000,2598700000,3964100000,0,3469100000,17,1219300000.0,986400000,0.0,-2311200000,-3300000,-14273900000,6262600000.0,-238000000,0,16,14,16,93.0,1239100000,21012300000.0,249000000,6054300000,845200000.0,0.0,48222200000.0,7836700000.0,6170400000,23690300000.0,24531900000.0,48222200000.0,20563100000.0,0.0,2015.0,4.81,698004158.0,92.910001,92.880003,92.740004,93.68000500000001,2290100,Industrials,Industrial Conglomerates
548,EMR,9/30/2013,6038000000.0,84000000,0,19,-678000000,352000000.0,43.0,3275000000.0,-83000000,477000000.0,14717000000.0,144.0,0,0,819000000,3414000000,3196000000,-19000000,0,3605000000.0,7509000000.0,40,9952000000.0,1130000000,1672000000.0,218000000,1895000000,0.0,75000000,4055000000.0,0.0,133000000,0,349000000,908000000,3649000000.0,-1933000000.0,-789000000.0,2004000000,722000000,2004000000,2004000000,4808000000,528000000,3414000000,14,926000000.0,1021000000,0.0,-189000000,19000000,-111000000,2313000000.0,-34000000,0,13,30,8,119.0,0,18930000000.0,-1120000000,6010000000,1587000000.0,0.0,24711000000.0,10999000000.0,7625000000,10585000000.0,14126000000.0,24711000000.0,24669000000.0,-8985000000.0,2013.0,2.78,720863309.4,64.269997,64.699997,64.150002,64.989998,3321300,Industrials,Industrial Conglomerates
549,EMR,9/30/2014,5989000000.0,163000000,0,22,-651000000,161000000.0,37.0,3149000000.0,103000000,477000000.0,9971000000.0,129.0,0,0,569000000,3387000000,3191000000,-100000000,0,3802000000.0,7182000000.0,44,7762000000.0,953000000,1689000000.0,196000000,2057000000,0.0,364000000,3559000000.0,0.0,48000000,0,294000000,-126000000,3692000000.0,-2559000000.0,-1159000000.0,2184000000,87000000,2147000000,2238000000,5019000000,0,3387000000,19,637000000.0,642000000,0.0,-575000000,-21000000,-508000000,1997000000.0,-471000000,0,18,32,12,104.0,0,19867000000.0,-1622000000,4375000000,2465000000.0,0.0,24177000000.0,10867000000.0,8454000000,10119000000.0,14058000000.0,24177000000.0,17733000000.0,-9811000000.0,2014.0,3.05,716065573.8,62.59,62.580002,62.439999,63.080002,3581000,Industrials,Industrial Conglomerates
550,EMR,9/30/2015,3682000000.0,-241000000,1039000000,34,-588000000,170000000.0,39.0,3054000000.0,11000000,477000000.0,9241000000.0,129.0,0,0,573000000,3982000000,3807000000,-267000000,0,7015000000.0,3847000000.0,43,7008000000.0,1267000000,938000000.0,175000000,1265000000,0.0,-271000000,4289000000.0,0.0,47000000,0,841000000,-95000000,2529000000.0,-2948000000.0,591000000.0,2733000000,-1085000000,2710000000,2540000000,2870000000,0,2943000000,18,239000000.0,2860000000,1566000000.0,-1617000000,-19000000,1179000000,1871000000.0,320000000,0,23,47,17,113.0,0,21308000000.0,-2501000000,4065000000,2552000000.0,0.0,22088000000.0,10049000000.0,7800000000,8081000000.0,14007000000.0,22088000000.0,16249000000.0,-12257000000.0,2015.0,4.01,681546134.7,43.900002,44.169998,43.48,44.240002000000004,4332600,Industrials,Industrial Conglomerates
551,EMR,9/30/2016,3823000000.0,-162000000,0,22,-447000000,205000000.0,40.0,3182000000.0,-58000000,477000000.0,8260000000.0,124.0,0,0,568000000,2504000000,2316000000,-82000000,0,6761000000.0,3909000000.0,43,6262000000.0,697000000,902000000.0,188000000,1208000000,0.0,-123000000,4062000000.0,0.0,50000000,0,-198000000,128000000,2881000000.0,-2045000000.0,-626000000.0,1664000000,174000000,1635000000,1619000000,2701000000,0,2504000000,17,211000000.0,2869000000,1601000000.0,-1999000000,-19000000,-179000000,2055000000.0,436000000,0,16,31,11,109.0,0,21716000000.0,-601000000,3758000000,2584000000.0,0.0,21743000000.0,9960000000.0,8008000000,7568000000.0,14175000000.0,21743000000.0,14522000000.0,-12831000000.0,2016.0,2.53,657707509.9,53.200001,54.509997999999996,53.200001,54.900002,7460100,Industrials,Industrial Conglomerates
580,ETN,12/31/2012,2341000000.0,108000000,-71000000,8,-593000000,11271000000.0,20.0,577000000.0,166000000,5000000.0,11448000000.0,143.0,353000000,1548000000,598000000,1459000000,1251000000,20000000,0,3786000000.0,14443000000.0,30,4863000000.0,31000000,7580000000.0,208000000,2336000000,603000000.0,-328000000,9765000000.0,0.0,65000000,0,5832000000,192000000,1664000000.0,5480000000.0,-6972000000.0,1217000000,-296000000,1217000000,1217000000,4039000000,0,1530000000,9,1748000000.0,421000000,2103000000.0,-1968000000,2000000,-6982000000,3804000000.0,196000000,0,8,8,7,101.0,439000000,5805000000.0,254000000,2894000000,1071000000.0,527000000.0,35810000000.0,7900000000.0,5515000000,15113000000.0,20632000000.0,35745000000.0,16311000000.0,0.0,2012.0,3.54,343785310.7,52.720001,54.18,52.450001,54.23,2619100,Industrials,Industrial Conglomerates
581,ETN,12/31/2013,2421000000.0,-231000000,8000000,11,-614000000,11483000000.0,35.0,915000000.0,-92000000,5000000.0,15369000000.0,178.0,240000000,1313000000,997000000,2155000000,1884000000,-9000000,0,3833000000.0,14495000000.0,30,6677000000.0,11000000,7186000000.0,271000000,2382000000,-288000000.0,41000000,8969000000.0,0.0,72000000,0,-1087000000,338000000,2285000000.0,-1736000000.0,-202000000.0,1861000000,-361000000,1861000000,1861000000,4225000000,0,2147000000,10,1006000000.0,415000000,1913000000.0,-1563000000,-6000000,700000000,3432000000.0,58000000,0,9,11,8,129.0,644000000,6866000000.0,121000000,3886000000,580000000.0,794000000.0,35491000000.0,8731000000.0,4914000000,16791000000.0,18628000000.0,35419000000.0,22046000000.0,0.0,2013.0,3.93,473536895.7,76.190002,76.120003,75.779999,76.269997,2722600,Industrials,Industrial Conglomerates
582,ETN,12/31/2014,2360000000.0,-205000000,183000000,11,-632000000,11605000000.0,19.0,781000000.0,-152000000,5000000.0,15646000000.0,151.0,228000000,901000000,983000000,1988000000,1761000000,-25000000,0,3750000000.0,13893000000.0,31,6906000000.0,-42000000,6556000000.0,227000000,2428000000,522000000.0,-48000000,8024000000.0,0.0,53000000,0,-582000000,-134000000,1878000000.0,-2130000000.0,143000000.0,1793000000,-579000000,1793000000,1793000000,4260000000,644000000,1805000000,8,1002000000.0,386000000,1985000000.0,-2902000000,-43000000,253000000,3410000000.0,76000000,0,8,11,8,106.0,647000000,7078000000.0,-596000000,3810000000,1010000000.0,245000000.0,33529000000.0,8100000000.0,5355000000,15786000000.0,17690000000.0,33476000000.0,22552000000.0,0.0,2014.0,3.78,474338624.3,69.120003,67.959999,67.93,69.230003,1217200,Industrials,Industrial Conglomerates
583,ETN,12/31/2015,2124000000.0,5000000,35000000,13,-506000000,11701000000.0,10.0,268000000.0,-20000000,5000000.0,14292000000.0,143.0,362000000,390000000,925000000,2377000000,2145000000,-42000000,0,3565000000.0,13479000000.0,31,6563000000.0,164000000,6014000000.0,232000000,2323000000,37000000.0,-233000000,7781000000.0,0.0,45000000,0,-602000000,-513000000,2371000000.0,-2267000000.0,-575000000.0,1979000000,-139000000,1979000000,1979000000,3479000000,0,2342000000,11,995000000.0,369000000,1833000000.0,-3866000000,-10000000,-106000000,3004000000.0,-148000000,0,10,14,9,93.0,625000000,7346000000.0,-630000000,3596000000,668000000.0,177000000.0,31031000000.0,6616000000.0,4625000000,15186000000.0,15800000000.0,30986000000.0,20855000000.0,0.0,2015.0,4.25,465647058.8,52.41,52.040001000000004,52.02,52.790001000000004,2080200,Industrials,Industrial Conglomerates
780,HON,12/31/2013,12153000000.0,-365000000,238000000,22,-947000000,4682000000.0,57.0,6422000000.0,41000000,958000000.0,28364000000.0,149.0,368000000,804000000,989000000,5412000000,5412000000,-155000000,0,5278000000.0,13046000000.0,27,10691000000.0,1450000000,2514000000.0,0,4293000000,-98000000.0,151000000,6801000000.0,988000000.0,112000000,167000000,1386000000,1788000000,4335000000.0,-433000000.0,-1959000000.0,3924000000,-22000000,3924000000,3924000000,8778000000,0,5501000000,14,2077000000.0,0,0.0,818000000,28000000,-914000000,5903000000.0,-421000000,0,14,31,10,119.0,0,20383000000.0,-626000000,5190000000,2028000000.0,1671000000.0,45435000000.0,21164000000.0,14181000000,17467000000.0,27968000000.0,45435000000.0,39055000000.0,-9374000000.0,2013.0,4.99,786372745.5,90.870003,91.370003,90.730003,91.559998,1456500,Industrials,Industrial Conglomerates
781,HON,12/31/2014,12136000000.0,-172000000,305000000,24,-1094000000,5038000000.0,62.0,6959000000.0,-200000000,958000000.0,28957000000.0,150.0,404000000,236000000,924000000,5818000000,5818000000,-339000000,0,5383000000.0,12788000000.0,28,11349000000.0,1489000000,2208000000.0,0,4405000000,-786000000.0,488000000,6046000000.0,919000000.0,127000000,219000000,-203000000,537000000,5080000000.0,-2328000000.0,-1876000000.0,4239000000,-409000000,4239000000,4239000000,8682000000,0,5831000000,14,1558000000.0,0,0.0,-1459000000,-58000000,4000000,6393000000.0,120000000,0,14,33,11,120.0,0,23115000000.0,-659000000,5518000000,2637000000.0,2145000000.0,45451000000.0,22191000000.0,14773000000,17657000000.0,27794000000.0,45451000000.0,40306000000.0,-9995000000.0,2014.0,5.4,785000000.0,100.970001,99.91999799999999,99.870003,101.349998,1743100,Industrials,Industrial Conglomerates
782,HON,12/31/2015,11857000000.0,211000000,68000000,26,-1073000000,5377000000.0,41.0,5455000000.0,230000000,958000000.0,26747000000.0,109.0,283000000,558000000,883000000,6586000000,6586000000,-546000000,0,5789000000.0,15895000000.0,31,11834000000.0,1739000000,4577000000.0,0,4420000000,-127000000.0,-684000000,5554000000.0,943000000.0,135000000,290000000,3445000000,-1504000000,5519000000.0,37000000.0,-6514000000.0,4768000000,-48000000,4768000000,4768000000,8075000000,0,6828000000,18,1776000000.0,0,0.0,-2535000000,-65000000,-5314000000,6125000000.0,80000000,0,17,36,12,85.0,0,26147000000.0,-1698000000,5006000000,6514000000.0,2103000000.0,49316000000.0,20053000000.0,18371000000,18283000000.0,31033000000.0,49316000000.0,38581000000.0,-11664000000.0,2015.0,6.11,780360065.5,104.07,103.57,103.480003,104.58000200000001,2079400,Industrials,Industrial Conglomerates
875,JEC,9/27/2013,1864836000.0,-234864000,5475000,10,-127270000,1084624000.0,67.0,1256405000.0,0,131639000.0,9976057000.0,214.0,0,723104000,28985000,674454000,661548000,-7778000,0,379296000.0,2022831000.0,16,1842319000.0,221366000,217904000.0,12906000,0,-4000.0,151288000,415086000.0,0.0,35238000,0,-94599000,223948000,448516000.0,-59707000.0,-157083000.0,423093000,81370000,423093000,423093000,2680076000,0,668979000,6,614555000.0,103077000,0.0,-304127000,0,-29809000,0.0,-18445000,0,6,16,4,214.0,0,3300961000.0,46079000,1173340000,22783000.0,0.0,7274144000.0,4039558000.0,1887619000,4213097000.0,3061047000.0,7274144000.0,11818376000.0,0.0,2013.0,3.27,129386238.5,57.830002,57.790001000000004,57.619999,58.139998999999996,482700,Industrials,Industrial Conglomerates
876,JEC,9/26/2014,2313114000.0,107944000,25535000,7,-132146000,1173858000.0,31.0,732647000.0,0,131753000.0,10621373000.0,166.0,0,834078000,46820000,553603000,542166000,-31612000,0,456797000.0,3026349000.0,16,2073784000.0,190054000,440192000.0,11437000,0,-25079000.0,103946000,764075000.0,0.0,36405000,0,346040000,-523758000,721716000.0,304920000.0,-1518782000.0,328108000,73847000,328108000,328108000,3037448000,0,528068000,4,638250000.0,121976000,0.0,-363549000,0,-1361557000,0.0,37047000,0,4,12,3,166.0,0,3527193000.0,-33695000,1545716000,36732000.0,0.0,8453659000.0,3892071000.0,2349846000,4469255000.0,3984404000.0,8453659000.0,12695157000.0,0.0,2014.0,2.51,130720318.7,49.419998,49.68,49.130001,49.82,966100,Industrials,Industrial Conglomerates
877,JEC,10/2/2015,1967802000.0,172958000,4113000,7,-88404000,1137144000.0,23.0,460859000.0,0,123153000.0,10146494000.0,158.0,0,863868000,49368000,449640000,430137000,-106923000,0,381238000.0,3048778000.0,16,1968338000.0,101255000,353419000.0,19503000,0,13000.0,-201573000,584434000.0,0.0,64713000,0,-158227000,-271788000,484572000.0,-553314000.0,-96123000.0,302971000,170267000,302971000,302971000,2548743000,0,445527000,4,879813000.0,113076000,0.0,-464764000,0,-7732000,0.0,-35330000,0,4,10,3,158.0,0,3496212000.0,-389094000,1522811000,13364000.0,0.0,7785926000.0,3122678000.0,1981166000,4291745000.0,3494181000.0,7785926000.0,12114832000.0,0.0,2015.0,2.42,125194628.1,36.330002,37.400002,36.049999,37.41,948300,Industrials,Industrial Conglomerates
878,JEC,9/30/2016,1780265000.0,397268000,-36615000,5,-67688000,1168272000.0,37.0,655716000.0,0,120951000.0,9196326000.0,161.0,0,861824000,47608000,301983000,286723000,-28669000,0,319673000.0,3079628000.0,16,1767831000.0,72208000,336922000.0,15260000,0,-3403000.0,-87383000,385330000.0,0.0,64906000,0,-202138000,194857000,680173000.0,-317026000.0,-139621000.0,210463000,145750000,210463000,210463000,2115663000,0,338598000,3,759329000.0,93091000,0.0,-610594000,0,-68530000,0.0,-37585000,0,3,7,2,161.0,0,3586647000.0,-109410000,1429233000,2421000.0,0.0,7360022000.0,2864470000.0,1782686000,4265276000.0,3094746000.0,7360022000.0,10964157000.0,0.0,2016.0,1.75,120264571.4,51.970001,51.720001,51.68,52.189999,1165600,Industrials,Industrial Conglomerates
943,LEG,12/31/2012,505900000.0,60600000,6500000,17,-71000000,458600000.0,49.0,359100000.0,-39100000,2000000.0,2718900000.0,183.0,0,69600000,119000000,330900000,287500000,3700000,0,572800000.0,991500000.0,20,695600000.0,55700000,206300000.0,43400000,489000000,0.0,38800000,853900000.0,0.0,7700000,0,201600000,122800000,449700000.0,-36600000.0,-294000000.0,250500000,22800000,248200000,231800000,446200000,0,324400000,10,145200000.0,44800000,23600000.0,71000000,-8300000,-223000000,158200000.0,-2900000,25100000,8,20,7,116.0,0,2109600000.0,5600000,346100000,201500000.0,0.0,3254900000.0,1339100000.0,731000000,1434500000.0,1812700000.0,3247200000.0,3414500000.0,-1206700000.0,2012.0,1.72,145639534.9,26.34,27.219998999999998,26.26,27.33,1436700,Industrials,Industrial Conglomerates
944,LEG,12/31/2013,569000000.0,-13300000,7700000,14,-80600000,479100000.0,33.0,272700000.0,-4100000,2000000.0,2767300000.0,155.0,0,63300000,122600000,282300000,237600000,6300000,0,574600000.0,926800000.0,20,709900000.0,51300000,203400000.0,44700000,495900000,0.0,44800000,688400000.0,0.0,7900000,0,-180400000,-86400000,416900000.0,-434300000.0,-75300000.0,199700000,68200000,197300000,186300000,467400000,63000000,274600000,8,121600000.0,45700000,79400000.0,94500000,-3100000,5300000,127700000.0,-1000000,25400000,7,17,6,95.0,0,2136400000.0,-132500000,346900000,181100000.0,0.0,3108100000.0,1281700000.0,829500000,1391300000.0,1708900000.0,3100200000.0,3477200000.0,-1320700000.0,2013.0,1.36,146838235.3,31.15,30.940001000000002,30.870001000000002,31.200001,642400,Industrials,Industrial Conglomerates
945,LEG,12/31/2014,707400000.0,-97700000,5800000,9,-94100000,502400000.0,34.0,332800000.0,-21900000,2000000.0,2991900000.0,144.0,0,41800000,117900000,337300000,295500000,-15500000,0,548800000.0,829400000.0,21,790400000.0,70300000,204700000.0,41800000,481400000,0.0,171800000,766700000.0,0.0,8400000,0,87000000,60100000,381900000.0,-203600000.0,-102700000.0,101200000,109200000,98000000,225200000,523300000,0,331500000,9,128400000.0,91800000,83100000.0,-2600000,-5800000,-8600000,185000000.0,1400000,19700000,8,26,3,96.0,0,2061300000.0,-127900000,439200000,201700000.0,0.0,3140600000.0,1429300000.0,992200000,1146500000.0,1985700000.0,3132200000.0,3782300000.0,-1416600000.0,2014.0,0.69,146666666.7,42.869999,42.610001000000004,42.59,43.110001000000004,892400,Industrials,Industrial Conglomerates
946,LEG,12/31/2015,593900000.0,-16400000,4400000,30,-103200000,529500000.0,36.0,253200000.0,-49100000,2000000.0,2994000000.0,187.0,0,38600000,113200000,490900000,449800000,-19900000,0,540800000.0,806100000.0,24,923200000.0,121800000,192300000.0,41100000,504600000,0.0,-104900000,945400000.0,0.0,12100000,0,-3300000,-79600000,359100000.0,-349200000.0,-69600000.0,329200000,87500000,325100000,328000000,520200000,4100000,486500000,12,117200000.0,33200000,103900000.0,-91100000,-6800000,33600000,184700000.0,-400000,20800000,11,41,8,115.0,0,2209200000.0,-183200000,411800000,3400000.0,0.0,2967600000.0,1311200000.0,701200000,1085600000.0,1869900000.0,2955500000.0,3917200000.0,-1564000000.0,2015.0,2.31,142510822.5,42.419998,42.02,42.009997999999996,42.529999,468800,Industrials,Industrial Conglomerates
959,LLL,12/31/2012,2171000000.0,147000000,-2000000,14,-210000000,0.0,14.0,349000000.0,-35000000,5314000000.0,11799000000.0,175.0,0,328000000,303000000,1306000000,1122000000,7000000,0,1023000000.0,7776000000.0,10,1308000000.0,360000000,314000000.0,184000000,358000000,20000000.0,-138000000,3629000000.0,0.0,76000000,0,-500000000,-415000000,1231000000.0,-1527000000.0,-200000000.0,784000000,261000000,784000000,762000000,3591000000,0,1308000000,10,203000000.0,186000000,392000000.0,-550000000,-15000000,-10000000,1753000000.0,-27000000,0,9,21,6,161.0,0,5175000000.0,-814000000,0,0.0,0.0,13800000000.0,4484000000.0,2563000000,5451000000.0,8349000000.0,13800000000.0,13107000000.0,-4488000000.0,2012.0,8.41,93222354.34,75.400002,76.620003,74.629997,76.68,562700,Industrials,Industrial Conglomerates
960,LLL,12/31/2013,2151000000.0,-16000000,20000000,13,-204000000,0.0,20.0,500000000.0,1000000,5653000000.0,10303000000.0,181.0,0,635000000,291000000,1137000000,980000000,-2000000,0,1042000000.0,7796000000.0,10,1117000000.0,264000000,285000000.0,157000000,366000000,0.0,9000000,3630000000.0,0.0,75000000,0,0,151000000,1156000000.0,-849000000.0,-256000000.0,751000000,152000000,751000000,716000000,3580000000,0,1117000000,10,271000000.0,167000000,402000000.0,-110000000,-18000000,-52000000,1133000000.0,61000000,0,9,16,7,166.0,0,5726000000.0,-636000000,0,0.0,0.0,14007000000.0,4613000000.0,2553000000,5981000000.0,8026000000.0,14007000000.0,11420000000.0,-5288000000.0,2013.0,8.7,86321839.08,106.870003,106.860001,106.660004,107.129997,323400,Industrials,Industrial Conglomerates
961,LLL,12/31/2014,1778000000.0,39000000,18000000,13,-174000000,0.0,17.0,442000000.0,0,5799000000.0,9974000000.0,215.0,15000000,235000000,236000000,1030000000,872000000,-17000000,0,1061000000.0,6512000000.0,9,1012000000.0,227000000,195000000.0,158000000,288000000,0.0,-79000000,3939000000.0,0.0,75000000,0,996000000,-58000000,1071000000.0,-876000000.0,-221000000.0,664000000,233000000,664000000,645000000,2951000000,0,1012000000,9,267000000.0,1984000000,856000000.0,-584000000,-978000000,-47000000,1547000000.0,11000000,0,8,16,6,204.0,0,6181000000.0,-695000000,0,0.0,0.0,13715000000.0,5665000000.0,2634000000,5285000000.0,8430000000.0,13715000000.0,10986000000.0,-6111000000.0,2014.0,7.78,85347043.7,128.399994,126.209999,126.08000200000001,128.520004,685100,Industrials,Industrial Conglomerates
962,LLL,12/31/2015,1766000000.0,50000000,-15000000,6,-197000000,0.0,7.0,207000000.0,-38000000,6052000000.0,9576000000.0,147.0,3000000,219000000,285000000,491000000,322000000,-19000000,0,1097000000.0,6281000000.0,9,890000000.0,25000000,199000000.0,169000000,333000000,0.0,-34000000,3143000000.0,0.0,74000000,0,-296000000,-235000000,1042000000.0,-1178000000.0,-192000000.0,-240000000,998000000,-240000000,297000000,2827000000,384000000,475000000,5,273000000.0,865000000,614000000.0,-574000000,-36000000,5000000,1415000000.0,57000000,0,3,7,2,135.0,0,5728000000.0,-658000000,0,499000000.0,0.0,12085000000.0,4232000000.0,2879000000,4355000000.0,7730000000.0,12085000000.0,10466000000.0,-6851000000.0,2015.0,-2.97,80808080.81,120.260002,119.510002,119.120003,120.739998,290300,Industrials,Industrial Conglomerates
1075,MMM,12/31/2013,2924000000.0,-337000000,41000000,27,-1665000000,4375000000.0,45.0,2581000000.0,-86000000,9000000.0,16106000000.0,170.0,0,0,1371000000,6707000000,6562000000,-17000000,0,8652000000.0,7345000000.0,48,14765000000.0,1841000000,1688000000.0,145000000,3864000000,627000000.0,222000000,4326000000.0,1575000000.0,446000000,0,-37000000,-302000000,5817000000.0,-5246000000.0,-856000000.0,4659000000,52000000,4659000000,4659000000,4253000000,0,6666000000,22,1557000000.0,1279000000,2891000000.0,-3913000000,32000000,182000000,3778000000.0,-126000000,0,21,37,15,118.0,1715000000,32416000000.0,-3603000000,6384000000,1683000000.0,756000000.0,33550000000.0,12733000000.0,7498000000,17502000000.0,16048000000.0,33550000000.0,30871000000.0,-15385000000.0,2013.0,6.83,682137628.1,140.0,140.25,139.479996,140.429993,1846500,Industrials,Industrial Conglomerates
1076,MMM,12/31/2014,2974000000.0,-268000000,33000000,38,-1493000000,4379000000.0,56.0,1897000000.0,-113000000,9000000.0,16447000000.0,206.0,0,0,1408000000,7168000000,7026000000,-111000000,0,8489000000.0,7050000000.0,48,15374000000.0,2028000000,1435000000.0,142000000,3706000000,754000000.0,281000000,6705000000.0,117000000.0,33000000,0,1010000000,-684000000,6626000000.0,-6603000000.0,-596000000.0,4956000000,143000000,4956000000,4956000000,4238000000,0,7135000000,22,1815000000.0,1023000000,2884000000.0,-6289000000,-19000000,143000000,5398000000.0,177000000,0,22,54,16,144.0,1770000000,34317000000.0,-5545000000,6469000000,106000000.0,1439000000.0,31209000000.0,12303000000.0,5964000000,13109000000.0,18100000000.0,31209000000.0,31821000000.0,-19307000000.0,2014.0,7.63,649541284.4,166.0,164.320007,164.199997,167.169998,1623700,Industrials,Industrial Conglomerates
1077,MMM,12/31/2015,2670000000.0,-58000000,26000000,42,-1461000000,4791000000.0,27.0,1798000000.0,3000000,9000000.0,15383000000.0,154.0,0,0,1435000000,6972000000,6823000000,-54000000,0,8515000000.0,9249000000.0,49,14891000000.0,1982000000,2601000000.0,149000000,3518000000,1300000000.0,-735000000,8753000000.0,126000000.0,39000000,0,3482000000,-99000000,6420000000.0,-3648000000.0,-2817000000.0,4833000000,806000000,4833000000,4833000000,4154000000,0,6946000000,23,1406000000.0,1398000000,2404000000.0,-6359000000,-120000000,-2656000000,5544000000.0,128000000,0,23,60,16,105.0,1763000000,36296000000.0,-4603000000,6182000000,2044000000.0,118000000.0,32883000000.0,10986000000.0,7118000000,11429000000.0,21454000000.0,32883000000.0,30274000000.0,-23308000000.0,2015.0,7.72,626036269.4,151.729996,150.639999,150.630005,152.119995,1602000,Industrials,Industrial Conglomerates
1273,PH,6/30/2014,2436174000.0,-99144000,434404000,16,-216340000,595498000.0,67.0,1613555000.0,-3816000,90523000.0,10188227000.0,187.0,0,94819000,336702000,1639286000,1556720000,48766000,0,1824294000.0,3171425000.0,23,3027744000.0,515302000,1188282000.0,82566000,1371681000,-624880000.0,320099000,1508142000.0,1018781000.0,3380000,0,-2186000,-167857000,1387893000.0,-958115000.0,-646401000.0,1041048000,-186325000,1041048000,1041048000,2382806000,188870000,1204882000,9,0.0,129837000,0.0,-823498000,0,194819000,1755797000.0,-21041000,0,12,23,8,144.0,0,9174189000.0,-196030000,1633992000,816622000.0,573701000.0,13274362000.0,6071580000.0,3252796000,6659428000.0,6614934000.0,13274362000.0,13215971000.0,-2377284000.0,2014.0,6.98,149147277.9,125.989998,125.730003,124.699997,126.230003,870800,Industrials,Industrial Conglomerates
1274,PH,6/30/2015,2125978000.0,143179000,38893000,20,-215527000,622729000.0,81.0,1180584000.0,-70377000,90523000.0,9655245000.0,232.0,406267000,63222000,317491000,1550646000,1432240000,-111005000,0,1664022000.0,2942679000.0,24,3056499000.0,419687000,1013439000.0,118406000,1300459000,-355937000.0,-54844000,2723960000.0,811930000.0,3282000,0,1482478000,-432971000,1301941000.0,-1044744000.0,-579163000.0,1012140000,49524000,1012140000,1012140000,1984728000,0,1511753000,12,0.0,241684000,0.0,-1738618000,0,-7699000,2035411000.0,-95585000,0,11,28,8,176.0,0,9841885000.0,-1395091000,1544746000,223142000.0,733490000.0,12279282000.0,5440945000.0,2349120000,5104287000.0,7174995000.0,12279282000.0,12711744000.0,-3712232000.0,2015.0,7.08,142957627.1,116.940002,116.33000200000001,116.089996,117.620003,1396100,Industrials,Industrial Conglomerates
1275,PH,6/30/2016,2004101000.0,17549000,73236000,18,-149407000,628451000.0,89.0,1221653000.0,120243000,90523000.0,8823384000.0,220.0,605155000,54395000,306843000,1251245000,1114728000,-61712000,0,1568100000.0,2903037000.0,22,2537369000.0,307512000,922571000.0,136517000,1173329000,-50831000.0,-230391000,2675000000.0,850088000.0,3423000,0,-217781000,41069000,1169843000.0,-802423000.0,-264639000.0,806840000,17382000,806840000,806840000,1826103000,0,1178009000,10,0.0,104360000,0.0,-2227765000,0,-64401000,2382724000.0,131001000,0,10,24,7,171.0,0,10302866000.0,-557449000,1359360000,361840000.0,882342000.0,12056738000.0,5207787000.0,2365941000,4575255000.0,7481483000.0,12056738000.0,11360753000.0,-4218820000.0,2016.0,5.96,135375838.9,104.699997,108.050003,104.239998,108.050003,2208700,Industrials,Industrial Conglomerates
1320,PWR,12/31/2012,881170000.0,-492311000,1120000,9,-209445000,3287086000.0,45.0,394701000.0,26435000,2000.0,4982562000.0,250.0,0,225050000,148749000,468326000,464580000,2058000,2084000,1045983000.0,1537645000.0,16,937707000.0,158859000,183836000.0,3746000,38261000,0.0,149767000,0.0,0.0,5368000,0,-56000,79352000,166839000.0,-15344000.0,-321101000.0,322656000,32621000,306629000,305721000,1670858000,0,465122000,8,171566000.0,97907000,0.0,14453000,0,-111656000,262612000.0,225822000,37691000,8,12,5,246.0,0,668156000.0,2385000,434894000,9000.0,0.0,5140757000.0,2201727000.0,881179000,3766548000.0,1374209000.0,5140757000.0,5920269000.0,-203149000.0,2012.0,1.44,224066666.7,26.4,27.290001,26.4,27.309998999999998,1672300,Industrials,Industrial Conglomerates
1321,PWR,12/31/2013,1041286000.0,-111872000,2245000,10,-221946000,3416585000.0,47.0,488777000.0,5986000,2000.0,5424644000.0,222.0,0,244256000,145776000,590988000,588320000,-15899000,112744000,1205608000.0,1780717000.0,15,986933000.0,196875000,207877000.0,2668000,31877000,-10032000.0,57962000,1053000.0,0.0,7131000,0,-533000,94076000,370558000.0,-16651000.0,-278359000.0,421309000,-134712000,401921000,391445000,1652593000,0,475999000,7,285725000.0,140071000,0.0,-37236000,0,-46381000,264150000.0,20536000,25865000,9,14,7,219.0,0,1070077000.0,1028000,485069000,1181000.0,0.0,5793245000.0,2313318000.0,1042467000,4234188000.0,1559057000.0,5793245000.0,6411577000.0,-215240000.0,2013.0,1.87,225298930.5,31.32,31.559998999999998,31.27,31.6,885700,Industrials,Industrial Conglomerates
1322,PWR,12/31/2014,1076344000.0,-312602000,2636000,7,-247216000,3592906000.0,17.0,190515000.0,-4025000,2000.0,6578435000.0,226.0,0,215981000,176457000,431364000,426599000,-7873000,-332000,1099574000.0,1596695000.0,15,1168794000.0,139007000,243584000.0,4765000,38921000,6214000.0,-32233000,72489000.0,0.0,11067000,0,46825000,-298262000,247742000.0,-58347000.0,-488586000.0,315082000,145464000,296714000,287592000,2091557000,0,429060000,6,818026000.0,174711000,21091000.0,-123290000,0,-247584000,333262000.0,-31599000,34257000,6,9,4,222.0,0,1366791000.0,-92303000,705477000,8876000.0,0.0,6253583000.0,2495704000.0,1106311000,4514473000.0,1739110000.0,6253583000.0,7747229000.0,-321936000.0,2014.0,1.35,233394074.1,28.620001000000002,28.389999,28.25,28.82,1619800,Industrials,Industrial Conglomerates
1323,PWR,12/31/2015,1181364000.0,101112000,-338000,10,-209968000,3497740000.0,11.0,128771000.0,-33524000,2000.0,6648771000.0,189.0,0,186491000,198944000,236699000,228675000,-3154000,-466000,1101959000.0,1552658000.0,12,923665000.0,97472000,205074000.0,8024000,75285000,-4338000.0,150531000,475364000.0,0.0,2321000,0,410652000,-61744000,618183000.0,-1217378000.0,-307113000.0,321824000,-114896000,310907000,131203000,1938878000,58451000,237503000,3,76333000.0,134585000,15313000.0,-294689000,0,-92807000,260129000.0,841910000,34848000,3,7,4,183.0,0,1677698000.0,-1603676000,592863000,7067000.0,0.0,5213543000.0,2277519000.0,1203744000,3085494000.0,2128049000.0,5213543000.0,7572436000.0,-1795257000.0,2015.0,1.59,202405031.4,20.4,20.25,20.18,20.559998999999998,2290300,Industrials,Industrial Conglomerates
1338,R,12/31/2013,971701000.0,-14272000,111547000,13,-2122628000,917539000.0,5.0,61562000.0,-841000,26667000.0,5099484000.0,86.0,0,1429637000,1039999000,509478000,369015000,5558000,0,633826000.0,383719000.0,21,1319801000.0,125740000,72406000.0,140463000,64298000,70677000.0,-29992000,3929987000.0,460501000.0,0,0,324182000,-4830000,1251811000.0,347070000.0,-1603818000.0,237871000,42160000,237871000,243275000,777370000,-470000,397931000,6,6490837000.0,159263000,0.0,-438248000,0,448133000,616305000.0,-23114000,0,6,19,4,81.0,0,1390756000.0,90646000,922340000,259438000.0,0.0,9103782000.0,1062493000.0,1231139000,1896714000.0,7207068000.0,9103782000.0,6419285000.0,0.0,2013.0,4.57,52050547.05,73.610001,73.779999,73.470001,73.970001,255100,Industrials,Industrial Conglomerates
1339,R,12/31/2014,1074531000.0,-20687000,129673000,12,-2259164000,962328000.0,5.0,50092000.0,-2153000,26520000.0,5253040000.0,94.0,0,1443292000,1094312000,483006000,338267000,297000,0,7901480000.0,393029000.0,21,1385734000.0,118042000,66619000.0,144739000,66007000,64267000.0,372000,4694335000.0,446099000.0,0,0,450963000,-11470000,1382818000.0,311650000.0,-1704510000.0,218341000,108673000,218341000,220225000,794864000,2387000,353333000,5,0.0,132681000,0.0,-620270000,0,490387000,783342000.0,-16040000,0,5,19,3,88.0,0,1450509000.0,-59718000,1030014000,36284000.0,0.0,9850871000.0,1043644000.0,1110815000,1819087000.0,8031784000.0,9850871000.0,6638774000.0,0.0,2013.0,4.14,52739371.98,93.489998,92.849998,92.800003,94.66999799999999,305500,Industrials,Industrial Conglomerates
1340,R,12/31/2015,1045725000.0,-40323000,110009000,15,-2667978000,1006021000.0,4.0,60945000.0,1448000,26745000.0,5086449000.0,65.0,0,1587522000,1192728000,619649000,469215000,37000,0,8899705000.0,389135000.0,23,1485444000.0,163226000,55192000.0,150434000,63725000,70980000.0,-93132000,4868097000.0,510246000.0,0,0,808271000,10853000,1441788000.0,731485000.0,-2161355000.0,304768000,76591000,304768000,305989000,835489000,14225000,509640000,8,0.0,138143000,0.0,-712735000,0,435643000,829595000.0,-292000,0,7,24,5,62.0,0,1667080000.0,17494000,961579000,634530000.0,0.0,10952580000.0,1098302000.0,1680255000,1987111000.0,8965469000.0,10952580000.0,6571893000.0,0.0,2015.0,5.75,53003130.43,56.150002,56.830002,56.119999,57.5,511000,Industrials,Industrial Conglomerates
1362,ROK,9/30/2013,994400000.0,-12300000,5700000,29,-146200000,1456000000.0,102.0,1200900000.0,800000,181400000.0,3778100000.0,238.0,147300000,0,145200000,1041800000,980900000,600000,0,616000000.0,1023000000.0,41,2573800000.0,224600000,212800000.0,60900000,615400000,-22200000.0,38500000,905100000.0,0.0,0,0,22000000,297000000,1014800000.0,-454600000.0,-256800000.0,756300000,134400000,756300000,756300000,1375600000,0,1036100000,16,165600000.0,115300000,371300000.0,-817700000,-1800000,-88400000,809300000.0,-55100000,0,15,38,12,198.0,0,4333400000.0,-230400000,1537700000,179000000.0,372700000.0,5844600000.0,3679900000.0,1544700000,2585500000.0,3259100000.0,5844600000.0,6351900000.0,-2567600000.0,2013.0,5.43,139281768.0,105.620003,106.940002,105.620003,107.690002,657700,Industrials,Industrial Conglomerates
1363,ROK,9/30/2014,994800000.0,-53700000,9700000,31,-141000000,1512300000.0,108.0,1191300000.0,12900000,181400000.0,3869600000.0,233.0,205700000,0,152500000,1193500000,1134200000,-37700000,0,632900000.0,1050600000.0,42,2753900000.0,307400000,246200000.0,59300000,588400000,-257900000.0,16000000,900400000.0,0.0,0,0,146000000,-9600000,1033300000.0,-521800000.0,-483400000.0,826800000,96900000,826800000,826800000,1379300000,0,1183800000,18,154700000.0,146700000,372300000.0,-948000000,0,-84500000,973700000.0,-18100000,0,17,43,12,198.0,0,4839600000.0,-377200000,1570100000,325000000.0,628500000.0,6224300000.0,3934200000.0,1692100000,2658100000.0,3566200000.0,6224300000.0,6623500000.0,-2927200000.0,2014.0,5.98,138260869.6,111.5,109.879997,109.839996,111.849998,1155200,Industrials,Industrial Conglomerates
1364,ROK,9/30/2015,947500000.0,73400000,-5500000,37,-122900000,1552100000.0,162.0,1427300000.0,-2500000,181400000.0,3604800000.0,294.0,494800000,0,162500000,1191200000,1127500000,-96700000,0,605600000.0,1028800000.0,43,2703100000.0,299900000,229500000.0,63700000,535600000,-104900000.0,31400000,1500900000.0,0.0,0,0,269300000,236000000,1187700000.0,-608100000.0,-246900000.0,827600000,100000000,827600000,827600000,1041000000,0,1196700000,19,149200000.0,171000000,380200000.0,-1334600000,-1600000,-19100000,1319300000.0,-4700000,0,18,50,13,253.0,0,5316900000.0,-538100000,1506400000,0.0,721900000.0,6404700000.0,3896800000.0,1327700000,2256800000.0,4147900000.0,6404700000.0,6307900000.0,-3459000000.0,2015.0,6.15,134569105.7,100.839996,101.470001,99.839996,101.949997,1551100,Industrials,Industrial Conglomerates
1365,ROK,9/30/2016,903200000.0,-18900000,6300000,37,-116900000,1588200000.0,123.0,1526400000.0,4600000,181400000.0,3404000000.0,212.0,633900000,0,172200000,1014400000,943100000,-10500000,0,578300000.0,1073900000.0,42,2475500000.0,213400000,255300000.0,71300000,526600000,-184400000.0,-46000000,1516300000.0,0.0,0,0,448600000,99100000,947300000.0,-397700000.0,-440000000.0,729700000,81200000,729700000,729700000,1079000000,0,1008100000,17,374800000.0,150200000,624100000.0,-1538800000,0,-138700000,1618900000.0,24500000,0,16,47,12,185.0,0,5668400000.0,-471400000,1467400000,448600000.0,902800000.0,7101200000.0,4185000000.0,1975900000,1990100000.0,5111100000.0,7101200000.0,5879500000.0,-3909100000.0,2016.0,5.6,130303571.4,119.5,122.339996,119.269997,123.110001,2568200,Industrials,Industrial Conglomerates
1366,ROP,12/31/2012,381283000.0,-21577000,-3381000,13,-38405000,1158001000.0,34.0,370590000.0,18361000,1006000.0,1321772000.0,115.0,78644000,707278000,157147000,754206000,686681000,6312000,0,110397000.0,3868857000.0,56,1671717000.0,203321000,1698867000.0,67525000,190867000,0.0,-6779000,1503107000.0,0.0,0,0,866055000,32489000,677852000.0,853870000.0,-1505545000.0,483360000,40773000,483360000,482317000,640593000,0,757587000,25,68797000.0,43492000,185912000.0,58537000,-690000,-1467140000,86783000.0,6567000,0,23,19,16,97.0,0,2489858000.0,39874000,914130000,519015000.0,0.0,7071104000.0,1245542000.0,1086210000,3687726000.0,3383378000.0,7071104000.0,2993489000.0,-19676000.0,2012.0,4.95,97648484.85,108.449997,111.480003,108.029999,111.5,391700,Industrials,Industrial Conglomerates
1367,ROP,12/31/2013,422743000.0,18046000,-192000,13,-42528000,1229233000.0,71.0,459720000.0,-12687000,1013000.0,1355200000.0,214.0,28773000,783805000,193108000,842169000,754130000,-1193000,0,117310000.0,4549998000.0,58,1882928000.0,215837000,2039136000.0,88039000,204923000,0.0,16878000,2453836000.0,0.0,0,0,437174000,89130000,802553000.0,403633000.0,-1115863000.0,538293000,53133000,538293000,538293000,670484000,0,842361000,26,76427000.0,38210000,209332000.0,43083000,1166000,-1073335000,91199000.0,-4218000,0,23,18,17,182.0,0,2959196000.0,10393000,1040567000,11016000.0,0.0,8184981000.0,1373337000.0,643091000,4213050000.0,3971931000.0,8184981000.0,3238128000.0,-19475000.0,2013.0,5.43,99133149.17,139.21000700000002,138.679993,137.91000400000001,139.91000400000001,303900,Industrials,Industrial Conglomerates
1368,ROP,12/31/2014,425902000.0,-10709000,620000,14,-37644000,1325338000.0,97.0,610430000.0,6349000,1021000.0,1447595000.0,241.0,27496000,735826000,201287000,1000093000,921456000,-43522000,0,110876000.0,4710691000.0,59,2101899000.0,275423000,1978729000.0,78637000,193766000,0.0,-67074000,2190282000.0,0.0,0,0,-252079000,150710000,840441000.0,-298104000.0,-348105000.0,646033000,63027000,646033000,646033000,662146000,0,999473000,28,60288000.0,45763000,190953000.0,-71927000,-461000,-310461000,90770000.0,1528000,0,26,19,18,210.0,0,3520201000.0,13214000,1102426000,11092000.0,0.0,8400185000.0,1512105000.0,627947000,4755360000.0,3644825000.0,8400185000.0,3549494000.0,-19273000.0,2014.0,6.47,99850540.96,158.800003,156.350006,156.259995,159.58999599999999,216800,Industrials,Industrial Conglomerates
1369,ROP,12/31/2015,446293000.0,30753000,58652000,13,-36260000,1419262000.0,108.0,778511000.0,-1150000,1028000.0,1417749000.0,225.0,31532000,810856000,208397000,1086570000,1002345000,-58654000,0,105510000.0,5824726000.0,60,2164646000.0,306278000,2528996000.0,84225000,189868000,0.0,2916000,3264417000.0,0.0,0,0,1062868000,168081000,928825000.0,996242000.0,-1698332000.0,696067000,-9094000,696067000,696067000,610313000,0,1027918000,29,59554000.0,39355000,267030000.0,-212779000,-1677000,-1662072000,74017000.0,936000,0,28,19,19,198.0,0,4110530000.0,21201000,1136728000,6805000.0,0.0,10168365000.0,1618047000.0,720128000,5298947000.0,4869418000.0,10168365000.0,3582395000.0,-19094000.0,2015.0,6.92,100587716.8,190.070007,189.78999299999998,189.5,191.16000400000001,247700,Industrials,Industrial Conglomerates
1378,RSG,12/31/2013,1220900000.0,-61600000,2800000,7,-880800000,6764900000.0,12.0,213300000.0,0,4100000.0,5234700000.0,83.0,0,1185400000,954000000,1211200000,851200000,0,0,7036800000.0,10724100000.0,38,3182500000.0,262100000,315800000.0,360000000,0,0.0,40300000,7002400000.0,0.0,2600000,0,-60500000,145700000,1548200000.0,-468600000.0,-933900000.0,588900000,261700000,588900000,586800000,1008300000,8600000,1210300000,14,450600000.0,200300000,480500000.0,3000000,100000,-53100000,2138200000.0,-235300000,877400000,10,11,7,83.0,0,2632700000.0,-63300000,1088100000,15700000.0,0.0,19949200000.0,1421900000.0,1717100000,7903500000.0,12045700000.0,19949200000.0,8417200000.0,-1501200000.0,2013.0,1.63,361288343.6,33.290001000000004,33.200001,33.119999,33.369999,1121400,Industrials,Industrial Conglomerates
1379,RSG,12/31/2014,1345000000.0,-54300000,-19100000,7,-862500000,6876900000.0,4.0,75200000.0,0,4100000.0,5643100000.0,76.0,0,1149000000,984900000,1234000000,885300000,0,0,7165300000.0,10830900000.0,36,3160200000.0,337400000,298900000.0,348700000,0,0.0,-28800000,7050800000.0,0.0,2500000,0,-19100000,-138100000,1529800000.0,-708100000.0,-959800000.0,547600000,292600000,547600000,546200000,1052400000,1800000,1233100000,14,407900000.0,263400000,470600000.0,-28900000,-2300000,-97300000,2320400000.0,-212500000,906900000,10,11,6,76.0,0,2795000000.0,-312000000,998400000,10400000.0,0.0,20094000000.0,1391000000.0,1826000000,7745300000.0,12348700000.0,20094000000.0,8803300000.0,-1901800000.0,2014.0,1.54,355584415.6,40.84,40.25,40.209998999999996,40.869999,934200,Industrials,Industrial Conglomerates
1380,RSG,12/31/2015,1365600000.0,-15700000,2000000,10,-945600000,4677700000.0,2.0,32400000.0,0,3500000.0,5518600000.0,67.0,0,1131800000,1050000000,1560800000,1195900000,0,0,7552800000.0,11145500000.0,39,3596400000.0,445500000,246400000.0,364900000,0,0.0,29600000,7527400000.0,0.0,2500000,0,497400000,-42800000,1679700000.0,-239700000.0,-1482800000.0,749900000,196000000,749900000,749900000,962900000,0,1558800000,17,360900000.0,235000000,463700000.0,-30500000,-7000000,-537200000,2265300000.0,-330600000,970600000,13,15,8,67.0,0,3138300000.0,-338800000,1067000000,5500000.0,0.0,20535900000.0,1230300000.0,1834800000,7774100000.0,12761800000.0,20535900000.0,9115000000.0,-14900000.0,2015.0,2.14,350420560.7,44.419998,43.990002000000004,43.990002000000004,44.57,929000,Industrials,Industrial Conglomerates
1442,SRCL,12/31/2012,196878000.0,-4329000,35000,17,-65236000,116720000.0,10.0,31324000.0,0,860000.0,1055844000.0,133.0,0,359780000,76283000,468871000,417197000,1819000,0,335870000.0,2065103000.0,45,857305000.0,147256000,667471000.0,51674000,0,-89000.0,25874000,1268303000.0,0.0,15530000,0,-131267000,12149000,390784000.0,-91526000.0,-288928000.0,267996000,16152000,267996000,267996000,345241000,0,468836000,25,37008000.0,64218000,46401000.0,-39064000,0,-223603000,30272000.0,6863000,31652000,22,27,14,133.0,0,1463277000.0,16433000,356817000,87781000.0,503000.0,3546738000.0,441286000.0,331060000,1541793000.0,2004945000.0,3546738000.0,1913149000.0,0.0,2012.0,3.14,85349044.59,91.709999,93.279999,91.25,93.279999,368500,Industrials,Industrial Conglomerates
1443,SRCL,12/31/2013,196591000.0,-54767000,-2630000,18,-73109000,195110000.0,16.0,67167000.0,0,855000.0,1178173000.0,130.0,0,396119000,88408000,532989000,477746000,-1809000,0,358967000.0,2231582000.0,45,964634000.0,164662000,720035000.0,55243000,0,73000.0,3235000,1280663000.0,0.0,17077000,0,-30791000,32507000,405307000.0,-136019000.0,-234972000.0,311372000,32337000,311372000,311372000,407027000,0,535619000,25,37124000.0,65658000,69213000.0,-56468000,0,-161936000,27469000.0,23010000,38405000,22,27,15,130.0,0,1610964000.0,-121355000,390610000,150380000.0,413000.0,3887973000.0,540265000.0,416184000,1750461000.0,2137512000.0,3887973000.0,2142807000.0,0.0,2013.0,3.62,86014364.64,116.860001,116.16999799999999,115.790001,117.57,253800,Industrials,Industrial Conglomerates
1444,SRCL,12/31/2014,246339000.0,-34116000,-2626000,17,-86496000,289211000.0,5.0,22236000.0,0,849000.0,1461190000.0,120.0,0,403847000,104616000,553710000,487568000,-608000,0,460408000.0,2418832000.0,43,1094411000.0,159422000,909645000.0,66142000,0,-1957000.0,16584000,1527246000.0,0.0,22173000,0,101740000,-44931000,448500000.0,-30049000.0,-462774000.0,326456000,25349000,326456000,326456000,465473000,0,556336000,22,32523000.0,63805000,82599000.0,-138419000,0,-374321000,64117000.0,7921000,48138000,19,26,13,120.0,0,1743371000.0,-142214000,489937000,131969000.0,380000.0,4373302000.0,551894000.0,460907000,1895012000.0,2478290000.0,4373302000.0,2555601000.0,0.0,2014.0,3.84,85014583.33,133.240005,131.080002,131.070007,133.770004,239300,Industrials,Industrial Conglomerates
1445,SRCL,12/31/2015,346531000.0,-55890000,793000,10,-114761000,1143020000.0,9.0,55634000.0,0,849000.0,1719723000.0,130.0,0,608272000,127412000,488405000,410907000,-4234000,0,665602000.0,3758177000.0,42,1266185000.0,142894000,1842561000.0,77498000,0,294000.0,47811000,3052639000.0,0.0,17947000,0,1622419000,33398000,390328000.0,2181208000.0,-2533904000.0,267046000,2026000,256940000,267046000,614494000,0,487612000,16,49282000.0,91631000,79409000.0,-282631000,0,-2419437000,81352000.0,956000,65770000,14,15,9,130.0,0,1868645000.0,576448000,712803000,161409000.0,69000.0,7077450000.0,761828000.0,587349000,2729891000.0,4347559000.0,7077450000.0,2985908000.0,0.0,2015.0,3.02,88425827.81,121.779999,120.599998,120.58000200000001,122.489998,333900,Industrials,Industrial Conglomerates
1618,UTX,12/31/2013,22300000000.0,-476000000,0,18,-1569000000,0.0,20.0,4619000000.0,-465000000,14764000000.0,40468000000.0,129.0,1236000000,0,1735000000,8549000000,7654000000,-41000000,0,8866000000.0,28168000000.0,29,16132000000.0,1999000000,15521000000.0,895000000,10330000000,-323000000.0,915000000,19741000000.0,1156000000.0,1353000000,111000000,-2888000000,-217000000,7314000000.0,-5931000000.0,-1323000000.0,5721000000,518000000,5721000000,5265000000,13422000000,0,8549000000,15,6205000000.0,1071000000,0.0,-3006000000,-313000000,569000000,14723000000.0,-804000000,0,14,24,10,84.0,2342000000,40539000000.0,-822000000,5241000000,500000000.0,0.0,90594000000.0,29442000000.0,22800000000,31866000000.0,58728000000.0,90594000000.0,56600000000.0,-20431000000.0,2013.0,6.35,900944881.9,113.160004,113.800003,113.08000200000001,113.940002,2103200,Industrials,Industrial Conglomerates
1619,UTX,12/31/2014,18777000000.0,111000000,0,20,-1594000000,0.0,22.0,5229000000.0,-636000000,15300000000.0,40898000000.0,134.0,1491000000,0,1820000000,9593000000,8712000000,-156000000,0,8592000000.0,27448000000.0,29,17002000000.0,2244000000,15528000000.0,881000000,7642000000,222000000.0,-606000000,17784000000.0,958000000.0,1351000000,140000000,-552000000,824000000,6979000000.0,-4249000000.0,-1967000000.0,6220000000,622000000,6220000000,6066000000,12371000000,0,9593000000,17,5706000000.0,6241000000,2781000000.0,-6776000000,-336000000,-595000000,17243000000.0,-583000000,0,15,28,11,102.0,2475000000,44611000000.0,-1313000000,4934000000,1917000000.0,0.0,91206000000.0,31483000000.0,23475000000,31213000000.0,59993000000.0,91206000000.0,57900000000.0,-21922000000.0,2014.0,6.92,898843930.6,116.599998,115.0,114.959999,116.900002,2363500,Industrials,Industrial Conglomerates
1620,UTX,12/31/2015,21513000000.0,-438000000,0,28,-1652000000,0.0,31.0,7075000000.0,-766000000,16033000000.0,40431000000.0,118.0,1961000000,0,1863000000,7291000000,6467000000,-174000000,0,8732000000.0,27301000000.0,28,15667000000.0,2111000000,15603000000.0,824000000,8135000000,-87000000.0,343000000,19320000000.0,1018000000.0,1486000000,122000000,775000000,1630000000,6755000000.0,-10776000000.0,-2794000000.0,7608000000,1687000000,7608000000,3996000000,10653000000,0,7291000000,13,6163000000.0,843000000,0.0,-7724000000,-508000000,-1055000000,16580000000.0,8329000000,0,12,24,14,82.0,2279000000,49956000000.0,-8859000000,6097000000,1105000000.0,0.0,87484000000.0,26706000000.0,22618000000,27358000000.0,60126000000.0,87484000000.0,56098000000.0,-30907000000.0,2015.0,8.72,872477064.2,96.410004,96.07,95.709999,96.68,2951000,Industrials,Industrial Conglomerates
1758,XYL,12/31/2013,811000000.0,-47000000,-10000000,10,-126000000,1753000000.0,62.0,533000000.0,-39000000,2000000.0,2338000000.0,236.0,0,191000000,150000000,353000000,298000000,4000000,0,488000000.0,1718000000.0,39,1499000000.0,70000000,488000000.0,55000000,475000000,0.0,42000000,1199000000.0,0.0,0,0,37000000,29000000,324000000.0,-100000000.0,-199000000.0,228000000,-8000000,228000000,228000000,858000000,42000000,363000000,9,193000000.0,143000000,0.0,167000000,0,-73000000,412000000.0,-2000000,0,8,13,6,180.0,104000000,405000000.0,-51000000,990000000,42000000.0,0.0,4896000000.0,2009000000.0,853000000,2241000000.0,2655000000.0,4896000000.0,3837000000.0,-86000000.0,2013.0,1.23,185365853.7,34.650002,34.599998,34.59,34.869999,558000,Industrials,Industrial Conglomerates
1759,XYL,12/31/2014,814000000.0,-37000000,12000000,16,-119000000,1796000000.0,73.0,663000000.0,-49000000,2000000.0,2403000000.0,229.0,0,136000000,142000000,475000000,421000000,-53000000,0,461000000.0,1635000000.0,39,1513000000.0,84000000,470000000.0,54000000,486000000,0.0,45000000,1195000000.0,0.0,0,0,52000000,130000000,416000000.0,-147000000.0,-86000000.0,337000000,-55000000,337000000,337000000,771000000,26000000,463000000,12,203000000.0,144000000,0.0,-99000000,1000000,33000000,472000000.0,33000000,0,11,20,9,175.0,104000000,648000000.0,-108000000,920000000,89000000.0,0.0,4833000000.0,2064000000.0,903000000,2127000000.0,2706000000.0,4833000000.0,3916000000.0,-220000000.0,2014.0,1.84,183152173.9,38.650002,38.07,38.040001000000004,38.650002,466700,Industrials,Industrial Conglomerates
1760,XYL,12/31/2015,745000000.0,-24000000,9000000,16,-117000000,1834000000.0,83.0,680000000.0,23000000,2000000.0,2249000000.0,244.0,0,118000000,133000000,458000000,403000000,-53000000,0,439000000.0,1584000000.0,38,1404000000.0,63000000,435000000.0,55000000,433000000,0.0,6000000,1196000000.0,0.0,0,0,-3000000,17000000,464000000.0,-262000000.0,-132000000.0,340000000,-24000000,340000000,340000000,749000000,6000000,449000000,12,194000000.0,143000000,0.0,-238000000,-1000000,-15000000,436000000.0,10000000,0,11,19,9,191.0,95000000,885000000.0,-158000000,854000000,78000000.0,0.0,4657000000.0,2005000000.0,823000000,2084000000.0,2573000000.0,4657000000.0,3653000000.0,-399000000.0,2015.0,1.88,180851063.8,36.669998,36.5,36.450001,36.84,635100,Industrials,Industrial Conglomerates
