Unnamed: 0.1,Ticker Symbol,Period Ending,Accounts Payable,Accounts Receivable,Add'l income/expense items,After Tax ROE,Capital Expenditures,Capital Surplus,Cash Ratio,Cash and Cash Equivalents,Changes in Inventories,Common Stocks,Cost of Revenue,Current Ratio,Deferred Asset Charges,Deferred Liability Charges,Depreciation,Earnings Before Interest and Tax,Earnings Before Tax,Effect of Exchange Rate,Equity Earnings/Loss Unconsolidated Subsidiary,Fixed Assets,Goodwill,Gross Margin,Gross Profit,Income Tax,Intangible Assets,Interest Expense,Inventory,Investments,Liabilities,Long-Term Debt,Long-Term Investments,Minority Interest,Misc. Stocks,Net Borrowings,Net Cash Flow,Net Cash Flow-Operating,Net Cash Flows-Financing,Net Cash Flows-Investing,Net Income,Net Income Adjustments,Net Income Applicable to Common Shareholders,Net Income-Cont. Operations,Net Receivables,Non-Recurring Items,Operating Income,Operating Margin,Other Assets,Other Current Assets,Other Current Liabilities,Other Equity,Other Financing Activities,Other Investing Activities,Other Liabilities,Other Operating Activities,Other Operating Items,Pre-Tax Margin,Pre-Tax ROE,Profit Margin,Quick Ratio,Research and Development,Retained Earnings,Sale and Purchase of Stock,"Sales, General and Admin.",Short-Term Debt / Current Portion of Long-Term Debt,Short-Term Investments,Total Assets,Total Current Assets,Total Current Liabilities,Total Equity,Total Liabilities,Total Liabilities & Equity,Total Revenue,Treasury Stock,For Year,Earnings Per Share,Estimated Shares Outstanding,Open,Close,Low,High,Volume,GICS Sector,GICS Sub Industry
144,APD,9/30/2013,2007900000.0,-72200000,0,14,-1524200000,799200000.0,14.0,450400000.0,75000000,249400000.0,7472100000.0,107.0,0,827200000,907000000,1492200000,1350400000,11400000,167800000,10450900000.0,1653800000.0,27,2708300000.0,307900000,717300000.0,141800000,706100000,1300000.0,-130300000,5056300000.0,1195500000.0,156800000,375800000,927400000,-4000000,1553100000.0,115400000.0,-1697000000.0,994200000,-178600000,994200000,1042500000,2159000000,231600000,1324400000,13,393500000.0,123600000,2400000.0,-1020600000,-35100000,-174100000,1164300000.0,-67200000,0,13,19,10,85.0,133700000,9646400000.0,-249200000,1018600000,1217300000.0,0.0,17850100000.0,3439100000.0,3227600000,7042100000.0,10808000000.0,17850100000.0,10180400000.0,-2632300000.0,2013.0,4.74,209746835.4,106.16,106.569993,106.000001,107.159994,1108900,Materials,Industrial Gases
145,APD,9/30/2014,1669000000.0,-35700000,0,13,-1362700000,842000000.0,11.0,336600000.0,-23500000,249400000.0,7629900000.0,111.0,0,995500000,956900000,1490500000,1365400000,-11300000,151400000,10947000000.0,1237300000.0,27,2809100000.0,369400000,615800000.0,125100000,706000000,2000000.0,-237900000,4824500000.0,1257900000.0,155600000,287200000,3500000,-113800000,2190100000.0,-504300000.0,-1316500000.0,991700000,490100000,991700000,996000000,2164400000,322800000,1339100000,13,426300000.0,87800000,0.0,-1241900000,-47100000,44200000,1187500000.0,-424700000,0,13,19,9,87.0,139800000,9993200000.0,141100000,1007400000,1294000000.0,0.0,17779100000.0,3294800000.0,2963000000,7365800000.0,10413300000.0,17779100000.0,10439000000.0,-2476900000.0,2014.0,4.66,212811158.8,133.109998,130.179994,130.179994,133.299992,1947400,Materials,Industrial Gases
146,APD,9/30/2015,1697500000.0,27900000,-16600000,18,-1265600000,904700000.0,6.0,206400000.0,8300000,249400000.0,6939000000.0,77.0,0,803400000,936400000,1846200000,1742700000,-22900000,154500000,10095300000.0,1131300000.0,30,2955900000.0,418300000,508300000.0,103500000,657800000,-4300000.0,156200000,3949100000.0,1265700000.0,132100000,0,-84400000,-130200000,2446400000.0,-945400000.0,-1250500000.0,1277900000,-32300000,1277900000,1324400000,1860500000,215200000,1708300000,17,1540400000.0,68800000,17000000.0,-2125900000,-56100000,19400000,1556500000.0,-325500000,0,18,24,13,59.0,137100000,10580400000.0,-157100000,895300000,1929900000.0,0.0,17334500000.0,2793500000.0,3644400000,7249000000.0,10085500000.0,17334500000.0,9894900000.0,-2359600000.0,2015.0,5.95,214773109.2,127.27999399999999,127.580001,125.989997,128.219997,1856200,Materials,Industrial Gases
147,APD,9/30/2016,1957200000.0,-73900000,-6900000,9,-1055800000,970000000.0,46.0,1501300000.0,32900000,249400000.0,6402700000.0,131.0,0,767100000,925900000,2247700000,2132200000,7500000,148600000,10074400000.0,1150200000.0,33,3121700000.0,586500000,488000000.0,115500000,619900000,0.0,57000000,4918100000.0,1288100000.0,133800000,0,331200000,1294900000,2707400000.0,-271100000.0,-972000000.0,631100000,1140100000,631100000,1545700000,2077100000,86100000,2106000000,22,737300000.0,119000000,19000000.0,-2388300000,-43900000,83800000,1873400000.0,-213000000,0,22,30,7,113.0,132000000,10475500000.0,141300000,797600000,1307100000.0,0.0,18055300000.0,4317300000.0,3283300000,7079600000.0,10975700000.0,18055300000.0,9524400000.0,-2227000000.0,2016.0,2.92,216130137.0,151.360004,150.340002,149.889992,151.869989,2345000,Materials,Industrial Gases
1324,PX,12/31/2012,1051000000.0,-36000000,-65000000,28,-2180000000,3889000000.0,6.0,157000000.0,-18000000,4000000.0,6396000000.0,113.0,0,977000000,1001000000,2372000000,2231000000,-4000000,34000000,11453000000.0,2507000000.0,43,4828000000.0,586000000,173000000.0,141000000,476000000,0.0,-218000000,6685000000.0,654000000.0,357000000,252000000,807000000,67000000,2752000000.0,-303000000.0,-2378000000.0,1692000000,296000000,1692000000,1627000000,1834000000,0,2437000000,22,511000000.0,325000000,751000000.0,-1852000000,0,-198000000,1276000000.0,35000000,1001000000,20,37,15,93.0,98000000,9534000000.0,-515000000,1227000000,677000000.0,0.0,18090000000.0,2792000000.0,2479000000,6064000000.0,12026000000.0,18090000000.0,11224000000.0,-5511000000.0,2012.0,5.67,298412698.4,107.790001,109.449997,107.709999,109.449997,795900,Materials,Industrial Gases
1325,PX,12/31/2013,1089000000.0,-84000000,0,27,-2020000000,3970000000.0,5.0,138000000.0,-54000000,4000000.0,6744000000.0,109.0,0,1396000000,1109000000,2625000000,2447000000,-27000000,38000000,12278000000.0,3194000000.0,43,5181000000.0,649000000,596000000.0,178000000,506000000,0.0,55000000,8026000000.0,702000000.0,394000000,307000000,1461000000,-19000000,2917000000.0,328000000.0,-3237000000.0,1755000000,187000000,1755000000,1755000000,1892000000,0,2625000000,22,569000000.0,380000000,790000000.0,-1981000000,0,-1217000000,859000000.0,-51000000,1109000000,21,37,15,90.0,98000000,10528000000.0,-471000000,1349000000,785000000.0,0.0,20255000000.0,2916000000.0,2664000000,6609000000.0,13646000000.0,20255000000.0,11925000000.0,-5912000000.0,2013.0,5.94,295454545.5,130.440002,130.029999,129.470001,130.580002,597600,Materials,Industrial Gases
1326,PX,12/31/2014,983000000.0,-80000000,0,30,-1689000000,3994000000.0,5.0,126000000.0,-42000000,4000000.0,6962000000.0,114.0,0,1281000000,1170000000,2608000000,2395000000,-69000000,42000000,11997000000.0,3121000000.0,43,5311000000.0,691000000,603000000.0,213000000,551000000,0.0,-5000000,8636000000.0,693000000.0,387000000,176000000,589000000,-12000000,2868000000.0,-1008000000.0,-1803000000.0,1694000000,180000000,1694000000,1694000000,1796000000,0,2608000000,21,516000000.0,366000000,918000000.0,-3185000000,0,-114000000,1176000000.0,-49000000,1170000000,20,43,14,92.0,96000000,11461000000.0,-869000000,1437000000,589000000.0,0.0,19769000000.0,2839000000.0,2490000000,5623000000.0,14146000000.0,19769000000.0,12273000000.0,-6651000000.0,2014.0,5.79,292573402.4,131.529999,129.559998,129.559998,131.699997,764900,Materials,Industrial Gases
1327,PX,12/31/2015,935000000.0,1000000,0,35,-1541000000,4005000000.0,8.0,147000000.0,-23000000,4000000.0,5960000000.0,139.0,0,1390000000,1106000000,2321000000,2160000000,-61000000,43000000,10998000000.0,2986000000.0,45,4816000000.0,612000000,568000000.0,161000000,531000000,0.0,-55000000,8975000000.0,665000000.0,404000000,113000000,168000000,21000000,2682000000.0,-1297000000.0,-1303000000.0,1547000000,215000000,1547000000,1547000000,1601000000,0,2321000000,22,476000000.0,347000000,702000000.0,-4596000000,0,238000000,1155000000.0,-109000000,1106000000,20,49,14,111.0,93000000,12229000000.0,-665000000,1296000000,256000000.0,0.0,18319000000.0,2626000000.0,1893000000,4389000000.0,13930000000.0,18319000000.0,10776000000.0,-7253000000.0,2015.0,5.39,287012987.0,102.800003,102.400002,102.279999,103.709999,930900,Materials,Industrial Gases
