Unnamed: 0.1,Ticker Symbol,Period Ending,Accounts Payable,Accounts Receivable,Add'l income/expense items,After Tax ROE,Capital Expenditures,Capital Surplus,Cash Ratio,Cash and Cash Equivalents,Changes in Inventories,Common Stocks,Cost of Revenue,Current Ratio,Deferred Asset Charges,Deferred Liability Charges,Depreciation,Earnings Before Interest and Tax,Earnings Before Tax,Effect of Exchange Rate,Equity Earnings/Loss Unconsolidated Subsidiary,Fixed Assets,Goodwill,Gross Margin,Gross Profit,Income Tax,Intangible Assets,Interest Expense,Inventory,Investments,Liabilities,Long-Term Debt,Long-Term Investments,Minority Interest,Misc. Stocks,Net Borrowings,Net Cash Flow,Net Cash Flow-Operating,Net Cash Flows-Financing,Net Cash Flows-Investing,Net Income,Net Income Adjustments,Net Income Applicable to Common Shareholders,Net Income-Cont. Operations,Net Receivables,Non-Recurring Items,Operating Income,Operating Margin,Other Assets,Other Current Assets,Other Current Liabilities,Other Equity,Other Financing Activities,Other Investing Activities,Other Liabilities,Other Operating Activities,Other Operating Items,Pre-Tax Margin,Pre-Tax ROE,Profit Margin,Quick Ratio,Research and Development,Retained Earnings,Sale and Purchase of Stock,"Sales, General and Admin.",Short-Term Debt / Current Portion of Long-Term Debt,Short-Term Investments,Total Assets,Total Current Assets,Total Current Liabilities,Total Equity,Total Liabilities,Total Liabilities & Equity,Total Revenue,Treasury Stock,For Year,Earnings Per Share,Estimated Shares Outstanding,Open,Close,Low,High,Volume,GICS Sector,GICS Sub Industry
72,AKAM,12/31/2012,176378000.0,-2108000,7104000,9,-166773000,5195543000.0,216.0,201989000.0,0,2015000.0,529900000.0,359.0,21427000,2565000,204163000,321591000,321591000,-89000,0,345091000.0,723701000.0,61,844047000.0,117602000,84554000.0,0,0,-222277000.0,59946000,0.0,657659000.0,0,0,0,-357208000,530020000.0,-108029000.0,-779110000.0,203989000,61438000,203989000,203989000,239199000,406000,314487000,23,39811000.0,51604000,26566000.0,-1640000,-34690000,-390060000,49364000.0,2592000,20962000,23,14,15,359.0,74744000,-2225702000.0,-96354000,433448000,0.0,235592000.0,2600627000.0,728384000.0,202944000,2345754000.0,254873000.0,2600627000.0,1373947000.0,-624462000.0,2012.0,1.15,177381739.1,40.310001,40.91,40.049999,41.009997999999996,2065400,Information Technology,Internet Software & Services
73,AKAM,12/31/2013,224095000.0,-67184000,5586000,11,-187964000,4561929000.0,256.0,333891000.0,0,1808000.0,511087000.0,391.0,2325000,7936000,184431000,419554000,419554000,-3655000,0,450287000.0,757368000.0,68,1066835000.0,126067000,77429000.0,0,0,-19750000.0,52080000,0.0,573026000.0,0,0,0,131902000,563908000.0,-115243000.0,-313108000.0,293487000,101602000,293487000,293487000,293722000,1843000,413968000,26,67536000.0,62096000,39071000.0,-2091000,-41332000,-105394000,57152000.0,-508000,21547000,27,16,19,391.0,93879000,-1932215000.0,-96712000,535598000,0.0,340005000.0,2957685000.0,1029714000.0,263166000,2629431000.0,328254000.0,2957685000.0,1577922000.0,0.0,2013.0,1.65,177870909.1,46.98,47.18,46.889998999999996,47.41,990600,Information Technology,Internet Software & Services
74,AKAM,12/31/2014,282098000.0,-58397000,5720000,11,-207159000,4559430000.0,227.0,238650000.0,0,1783000.0,610943000.0,378.0,1955000,43128000,262869000,495239000,479776000,-10532000,0,601591000.0,1051294000.0,69,1352931000.0,145828000,132412000.0,15463000,0,-479392000.0,101721000,604851000.0,869992000.0,0,0,660873000,-95241000,658070000.0,436027000.0,-1178806000.0,333948000,56443000,333948000,333948000,375282000,1189000,489519000,25,81747000.0,128981000,51913000.0,-17611000,-52224000,-492255000,74221000.0,-38514000,32057000,24,16,17,378.0,125286000,-1598267000.0,-103568000,704880000,0.0,519642000.0,4001546000.0,1262555000.0,334011000,2945335000.0,1056211000.0,4001546000.0,1963874000.0,0.0,2014.0,1.87,178581818.2,64.449997,62.959998999999996,62.849998,64.550003,885900,Information Technology,Internet Software & Services
75,AKAM,12/31/2015,278148000.0,-56247000,8999000,10,-311676000,4437420000.0,225.0,289473000.0,0,1772000.0,725620000.0,377.0,4700000,17051000,318088000,475149000,456624000,-10036000,0,753180000.0,1150244000.0,67,1471828000.0,135218000,156095000.0,18525000,0,153060000.0,54503000,624288000.0,774674000.0,0,0,0,50823000,764151000.0,-267728000.0,-435564000.0,321406000,107278000,321406000,321406000,380399000,767000,466150000,21,95844000.0,123228000,54292000.0,-41453000,-56214000,-276948000,93268000.0,19123000,27067000,21,15,15,377.0,148591000,-1276861000.0,-240815000,829253000,0.0,460088000.0,4187925000.0,1253188000.0,332440000,3120878000.0,1067047000.0,4187925000.0,2197448000.0,0.0,2015.0,1.8,178558888.9,52.84,52.630001,52.610001000000004,53.419998,1120900,Information Technology,Internet Software & Services
386,CRM,1/31/2013,597706000.0,-183242000,13864000,12,-179707000,2410892000.0,30.0,747245000.0,0,586000.0,683579000.0,69.0,112082000,64355000,395699000,-96846000,-127794000,7437000,0,604669000.0,1529378000.0,78,2366616000.0,142651000,207323000.0,30948000,0,-179466000.0,672777000,0.0,890664000.0,0,53612000,-31754000,139961000,736897000.0,334545000.0,-938918000.0,-270445000,364417000,-270445000,-270445000,872634000,0,-110710000,4,168960000.0,275625000,1798640000.0,17137000,0,-579745000,175732000.0,-242309000,0,4,6,9,69.0,429479000,-110982000.0,351366000,2047847000,521278000.0,120376000.0,5528956000.0,2015880000.0,2917624000,2317633000.0,3211323000.0,5528956000.0,3050195000.0,0.0,2013.0,-1.92,140856770.8,173.41000400000001,172.130005,170.600006,174.779999,4999600,Information Technology,Internet Software & Services
387,CRM,1/31/2014,934324000.0,-424702000,5350000,8,-299110000,3363377000.0,21.0,781635000.0,0,610000.0,968428000.0,67.0,153459000,48410000,613558000,-280724000,-357935000,-7758000,0,1240746000.0,3500823000.0,76,3102575000.0,-125760000,481917000.0,77211000,0,484857000.0,583300000,1301930000.0,482243000.0,0,26705000,931859000,34390000,875469000.0,1598234000.0,-2431555000.0,-232175000,495350000,-232175000,-232175000,1360837000,0,-286074000,7,613490000.0,480641000,2473705000.0,17680000,0,-2617302000,757187000.0,-159862000,0,9,12,6,67.0,623798000,-343157000.0,374731000,2764851000,572159000.0,57139000.0,9152930000.0,2680252000.0,3980188000,3038510000.0,6114420000.0,9152930000.0,4071003000.0,0.0,2014.0,-0.39,595320512.8,60.029999,60.529999,60.0,61.259997999999996,4612200,Information Technology,Internet Software & Services
412,CTXS,12/31/2013,365380000.0,-22951000,7301000,10,-162889000,3974297000.0,50.0,280740000.0,-5591000,291000.0,502795000.0,107.0,115418000,313059000,267500000,388018000,387890000,-781000,0,338996000.0,1768949000.0,83,2415639000.0,48367000,509595000.0,128000,14107000,-428227000.0,221868000,0.0,855700000.0,0,0,-2061000,-362869000,928343000.0,-352281000.0,-938150000.0,339523000,130846000,339523000,339523000,703291000,0,380717000,13,60496000.0,110981000,1098681000.0,4951000,-30101000,-347034000,115322000.0,-2852000,41668000,13,12,12,106.0,516338000,2903541000.0,-332671000,1476916000,0.0,453976000.0,5212249000.0,1563095000.0,1464061000,3319807000.0,1892442000.0,5212249000.0,2918434000.0,-3563273000.0,2013.0,1.82,186551098.9,63.09,63.25,62.540001000000004,63.439999,1108200,Information Technology,Internet Software & Services
413,CTXS,12/31/2014,390016000.0,-30962000,1727000,12,-165417000,4292706000.0,50.0,260149000.0,-1167000,295000.0,620219000.0,106.0,128198000,357771000,353563000,304038000,275706000,-4447000,0,367779000.0,1796851000.0,80,2522637000.0,23983000,390717000.0,28332000,12617000,-289305000.0,135634000,1292953000.0,1073110000.0,0,0,1411652000,-20591000,845981000.0,-292668000.0,-569457000.0,251723000,143825000,251723000,251723000,720293000,26745000,302311000,10,67028000.0,166005000,1200093000.0,-36790000,-33672000,-114735000,97529000.0,-6635000,39577000,9,13,8,105.0,553817000,3155264000.0,-1492492000,1600187000,0.0,529260000.0,5512007000.0,1688324000.0,1590109000,2173645000.0,3338362000.0,5512007000.0,3142856000.0,-5237830000.0,2014.0,1.48,170083108.1,65.690002,63.799999,63.790001000000004,65.690002,848900,Information Technology,Internet Software & Services
414,CTXS,12/31/2015,431215000.0,-7226000,5945000,16,-160825000,4566919000.0,52.0,368518000.0,703000,299000.0,614364000.0,100.0,215196000,414314000,428892000,356030000,311877000,-10313000,0,373817000.0,1962722000.0,81,2661230000.0,-7484000,283418000.0,44153000,10521000,205987000.0,229152000,1311071000.0,891964000.0,0,0,-7569000,108369000,1034548000.0,-691451000.0,-224415000.0,319361000,74273000,319361000,319361000,669276000,167548000,350085000,11,56449000.0,132784000,1249754000.0,-28527000,-46336000,-269577000,87717000.0,-10607000,41595000,10,16,10,100.0,563975000,3474625000.0,-643419000,1538027000,0.0,502852000.0,5467517000.0,1683951000.0,1680969000,1973446000.0,3494071000.0,5467517000.0,3275594000.0,-6039870000.0,2015.0,2.01,158886069.7,76.720001,75.650002,75.32,76.989998,716700,Information Technology,Internet Software & Services
520,EBAY,12/31/2013,3215000000.0,-89000000,0,12,-678000000,13031000000.0,71.0,4494000000.0,0,2000000.0,1492000000.0,184.0,0,841000000,660000000,2571000000,2571000000,48000000,0,2760000000.0,9267000000.0,82,6765000000.0,504000000,941000000.0,0,0,-2782000000.0,452000000,4117000000.0,4971000000.0,0,0,-400000000,-2323000000,4995000000.0,-1354000000.0,-6012000000.0,2856000000,-475000000,2856000000,2067000000,12948000000,0,2454000000,30,266000000.0,1310000000,158000000.0,1156000000,-160000000,-2552000000,244000000.0,-472000000,136000000,31,11,35,184.0,915000000,18854000000.0,-906000000,3260000000,9266000000.0,4531000000.0,41488000000.0,23283000000.0,12639000000,23647000000.0,17841000000.0,41488000000.0,8257000000.0,-9396000000.0,2013.0,2.2,1298181818.0,54.049997,54.870001,53.989999,54.969995999999995,15124100,Information Technology,Internet Software & Services
521,EBAY,12/31/2014,4062000000.0,51000000,0,0,-622000000,13887000000.0,45.0,4105000000.0,0,2000000.0,1663000000.0,151.0,0,522000000,682000000,2515000000,2515000000,-148000000,0,1486000000.0,4671000000.0,81,7127000000.0,3380000000,133000000.0,0,0,-637000000.0,136000000,6777000000.0,5736000000.0,0,0,3482000000,1834000000,5677000000.0,-1022000000.0,-2673000000.0,46000000,2352000000,46000000,-865000000,600000000,0,2476000000,28,6575000000.0,18096000000,12619000000.0,1171000000,-221000000,-1414000000,396000000.0,-39000000,75000000,29,13,1,151.0,983000000,18900000000.0,-4358000000,3593000000,850000000.0,3730000000.0,45132000000.0,26531000000.0,17531000000,19906000000.0,25226000000.0,45132000000.0,8790000000.0,-14054000000.0,2014.0,0.04,1150000000.0,57.059999,56.11999599999999,56.079997999999996,57.249998,14060500,Information Technology,Internet Software & Services
522,EBAY,12/31/2015,2157000000.0,-105000000,0,26,-668000000,14538000000.0,271.0,1832000000.0,0,2000000.0,1771000000.0,349.0,0,2092000000,687000000,2406000000,2406000000,-364000000,0,1554000000.0,4451000000.0,79,6821000000.0,459000000,90000000.0,0,0,37000000.0,-1000000,6749000000.0,3391000000.0,0,0,-850000000,-4496000000,4033000000.0,-4554000000.0,-3611000000.0,1725000000,571000000,1725000000,1947000000,619000000,0,2197000000,26,365000000.0,1154000000,106000000.0,526000000,-1850000000,-2980000000,75000000.0,0,41000000,28,37,20,349.0,923000000,7713000000.0,-1928000000,3660000000,0.0,4299000000.0,17755000000.0,7904000000.0,2263000000,6576000000.0,11179000000.0,17755000000.0,8592000000.0,-16203000000.0,2015.0,1.43,1206293706.0,27.629998999999998,27.48,27.450001,27.690001000000002,4896100,Information Technology,Internet Software & Services
616,FB,12/31/2013,823000000.0,-378000000,0,10,-1362000000,12297000000.0,1041.0,3323000000.0,0,0.0,1875000000.0,1188.0,0,0,1011000000,2754000000,2754000000,8000000,0,2882000000.0,839000000.0,76,5997000000.0,1254000000,883000000.0,0,0,-882000000.0,841000000,237000000.0,0.0,0,0,-1891000000,939000000,4222000000.0,-667000000.0,-2624000000.0,1491000000,1035000000,1491000000,1491000000,1109000000,0,2804000000,36,221000000.0,512000000,38000000.0,14000000,-889000000,-380000000,1088000000.0,213000000,0,35,18,19,1188.0,1415000000,3159000000.0,1504000000,1778000000,239000000.0,8126000000.0,17895000000.0,13070000000.0,1100000000,15470000000.0,2425000000.0,17895000000.0,7872000000.0,0.0,2013.0,0.62,2404838710.0,54.119999,54.650002,53.91,54.860001000000004,43076200,Information Technology,Internet Software & Services
617,FB,12/31/2014,1042000000.0,-610000000,0,8,-1831000000,30225000000.0,786.0,4315000000.0,0,0.0,2153000000.0,940.0,0,0,1243000000,4910000000,4910000000,-123000000,0,3967000000.0,17981000000.0,83,10313000000.0,1970000000,3929000000.0,0,0,1243000000.0,687000000,119000000.0,0.0,0,0,-243000000,992000000,7326000000.0,-298000000.0,-5913000000.0,2925000000,3405000000,2925000000,2925000000,1678000000,0,4994000000,40,699000000.0,513000000,66000000.0,-228000000,-55000000,-5325000000,2327000000.0,-339000000,0,39,14,23,940.0,2666000000,6099000000.0,0,2653000000,316000000.0,6884000000.0,39966000000.0,13390000000.0,1424000000,36096000000.0,3870000000.0,39966000000.0,12466000000.0,0.0,2014.0,1.12,2611607143.0,79.540001,78.019997,77.860001,79.800003,19935400,Information Technology,Internet Software & Services
618,FB,12/31/2015,1645000000.0,-973000000,0,8,-2523000000,34886000000.0,958.0,4907000000.0,0,0.0,2867000000.0,1125.0,0,0,1945000000,6194000000,6194000000,-155000000,0,5687000000.0,18026000000.0,84,15061000000.0,2506000000,3246000000.0,0,0,-6700000000.0,1904000000,107000000.0,0.0,0,0,-119000000,592000000,10320000000.0,-139000000.0,-9434000000.0,3669000000,3903000000,3669000000,3669000000,2559000000,0,6225000000,35,796000000.0,659000000,56000000.0,-455000000,-20000000,-211000000,3157000000.0,-147000000,0,35,14,20,1125.0,4816000000,9787000000.0,0,4020000000,224000000.0,13527000000.0,49407000000.0,21652000000.0,1925000000,44218000000.0,5189000000.0,49407000000.0,17928000000.0,0.0,2015.0,1.31,2800763359.0,106.0,104.660004,104.620003,106.16999799999999,18298700,Information Technology,Internet Software & Services
640,FIS,12/31/2012,643400000.0,-68000000,-16700000,7,-123700000,7197000000.0,41.0,517600000.0,0,3800000.0,3956200000.0,147.0,211200000,864000000,662200000,1059600000,828300000,-600000,0,419500000.0,8381500000.0,32,1839600000.0,270100000,2423200000.0,231300000,0,0.0,68400000,4231600000.0,0.0,152700000,0,-427100000,102100000,1046700000.0,-920800000.0,-23200000.0,481100000,-11200000,461200000,558200000,1182100000,0,1076300000,19,270100000.0,144500000,287300000.0,30000000,-6500000,100500000,403700000.0,-85800000,0,14,12,8,147.0,0,2105800000.0,-234700000,763300000,326100000.0,0.0,13549700000.0,1844200000.0,1256800000,6640900000.0,6908800000.0,13549700000.0,5795800000.0,-2695700000.0,2012.0,1.58,304493670.9,34.200001,34.810001,33.990002000000004,34.830002,2132800,Information Technology,Internet Software & Services
641,FIS,12/31/2013,781700000.0,-56100000,-40800000,8,-131700000,7247600000.0,33.0,547500000.0,0,3900000.0,4092700000.0,141.0,206800000,850800000,634500000,1022100000,823500000,-19700000,0,439000000.0,8500000000.0,33,1970700000.0,308900000,2195800000.0,198600000,0,0.0,100800000,4339800000.0,0.0,156800000,0,72600000,29900000,1060300000.0,-546000000.0,-464700000.0,517700000,-26300000,493100000,514600000,1322900000,0,1062900000,18,266600000.0,481500000,243600000.0,-9900000,-51100000,-333000000,359500000.0,-110300000,0,14,13,9,141.0,0,2341900000.0,-332900000,907800000,647400000.0,0.0,13960100000.0,2351900000.0,1672700000,6580500000.0,7379600000.0,13960100000.0,6063400000.0,-3003000000.0,2013.0,1.7,304529411.8,53.360001000000004,53.68,53.360001000000004,53.73,713300,Information Technology,Internet Software & Services
642,FIS,12/31/2014,743600000.0,-115200000,-44400000,11,-148500000,7336800000.0,31.0,492800000.0,0,3900000.0,4328300000.0,155.0,213200000,900500000,646000000,1226200000,1053400000,-36900000,0,483300000.0,8877600000.0,33,2085500000.0,335100000,2161400000.0,172800000,0,0.0,22700000,5054600000.0,0.0,134800000,0,571900000,-54700000,1164900000.0,-198100000.0,-984600000.0,706900000,31600000,679100000,718300000,1412600000,0,1270600000,20,311900000.0,567700000,283800000.0,-107200000,-25000000,-836100000,275000000.0,-127100000,0,16,16,11,155.0,0,2746800000.0,-460800000,814900000,571500000.0,0.0,14520500000.0,2473100000.0,1598900000,6556700000.0,7963800000.0,14520500000.0,6413800000.0,-3423600000.0,2014.0,2.38,297016806.7,63.41,62.200001,62.18,63.459998999999996,661900,Information Technology,Internet Software & Services
643,FIS,12/31/2015,1195600000.0,-102800000,136800000,7,-133300000,10209700000.0,29.0,687600000.0,0,4300000.0,4393200000.0,149.0,253000000,2688800000,680300000,1236000000,1036900000,-58800000,0,610700000.0,14744700000.0,33,2202000000.0,378800000,6742800000.0,199100000,0,0.0,91100000,11497800000.0,0.0,85800000,0,1655800000,194800000,1136900000.0,1014700000.0,-1898000000.0,650800000,-28300000,631500000,658100000,2190000000,0,1099200000,17,406200000.0,633800000,615300000.0,-279400000,-40900000,-1764700000,311500000.0,-154200000,0,16,11,10,149.0,0,3072900000.0,-263300000,1102800000,553000000.0,0.0,26268800000.0,3511400000.0,2363900000,9321000000.0,16947800000.0,26268800000.0,6595200000.0,-3686500000.0,2015.0,2.22,293153153.2,60.77,60.599998,60.509997999999996,61.360001000000004,861300,Information Technology,Internet Software & Services
644,FISV,12/31/2012,721000000.0,-12000000,7000000,18,-193000000,802000000.0,32.0,358000000.0,0,4000000.0,2564000000.0,131.0,0,638000000,350000000,1055000000,881000000,0,11000000,248000000.0,4705000000.0,42,1872000000.0,300000000,1744000000.0,174000000,0,28000000.0,19000000,3228000000.0,0.0,0,0,-173000000,21000000,826000000.0,-706000000.0,-136000000.0,611000000,-57000000,611000000,592000000,703000000,0,1048000000,24,357000000.0,382000000,382000000.0,-60000000,5000000,29000000,109000000.0,-48000000,0,20,26,14,131.0,0,5950000000.0,-538000000,824000000,2000000.0,0.0,8497000000.0,1443000000.0,1105000000,3417000000.0,5080000000.0,8497000000.0,4436000000.0,-3279000000.0,2012.0,4.5,135777777.8,78.629997,79.029999,78.040001,79.099998,1138400,Information Technology,Internet Software & Services
645,FISV,12/31/2013,756000000.0,-47000000,0,18,-236000000,844000000.0,30.0,400000000.0,0,4000000.0,2776000000.0,118.0,0,713000000,403000000,1061000000,898000000,0,80000000,266000000.0,5216000000.0,42,2038000000.0,328000000,2142000000.0,163000000,0,4000000.0,99000000,3756000000.0,0.0,0,0,-338000000,42000000,1039000000.0,-873000000.0,-148000000.0,648000000,-16000000,648000000,650000000,806000000,0,1061000000,22,317000000.0,366000000,484000000.0,-60000000,-17000000,84000000,127000000.0,-24000000,0,19,25,13,118.0,0,6598000000.0,-529000000,977000000,92000000.0,0.0,9513000000.0,1572000000.0,1332000000,3585000000.0,5928000000.0,9513000000.0,4814000000.0,-3801000000.0,2013.0,2.47,262348178.1,58.779999,59.049999,58.779999,59.279999,550300,Information Technology,Internet Software & Services
646,FISV,12/31/2014,905000000.0,-42000000,0,23,-292000000,897000000.0,20.0,294000000.0,0,4000000.0,2881000000.0,97.0,0,700000000,404000000,1210000000,1047000000,0,91000000,317000000.0,5209000000.0,43,2185000000.0,384000000,2003000000.0,163000000,0,7000000.0,177000000,3698000000.0,0.0,0,0,-49000000,-106000000,1307000000.0,-1126000000.0,-286000000.0,754000000,53000000,754000000,754000000,798000000,0,1210000000,24,335000000.0,352000000,489000000.0,-63000000,0,-1000000,129000000.0,-40000000,0,21,32,15,97.0,0,7352000000.0,-1095000000,975000000,92000000.0,0.0,9308000000.0,1444000000.0,1486000000,3295000000.0,6013000000.0,9308000000.0,5066000000.0,-4895000000.0,2014.0,3.03,248844884.5,72.150002,70.970001,70.940002,72.41999799999999,813000,Information Technology,Internet Software & Services
647,FISV,12/31/2015,1024000000.0,-2000000,-85000000,27,-359000000,952000000.0,18.0,275000000.0,0,4000000.0,2909000000.0,100.0,0,726000000,417000000,1226000000,1057000000,0,32000000,396000000.0,5200000000.0,45,2345000000.0,377000000,1872000000.0,169000000,0,1000000.0,144000000,4288000000.0,0.0,0,0,414000000,-19000000,1346000000.0,-1005000000.0,-360000000.0,712000000,136000000,712000000,712000000,802000000,0,1311000000,25,366000000.0,429000000,473000000.0,-74000000,-6000000,-2000000,164000000.0,-61000000,0,20,40,14,100.0,0,8064000000.0,-1451000000,1034000000,5000000.0,0.0,9340000000.0,1506000000.0,1502000000,2660000000.0,6680000000.0,9340000000.0,5254000000.0,-6286000000.0,2015.0,3.04,234210526.3,92.779999,91.459999,91.400002,93.489998,983500,Information Technology,Internet Software & Services
843,INTU,7/31/2013,355000000.0,12000000,7000000,24,-129000000,3198000000.0,130.0,1009000000.0,0,3000000.0,527000000.0,187.0,0,0,232000000,1215000000,1185000000,-3000000,0,555000000.0,1246000000.0,87,3419000000.0,378000000,149000000.0,30000000,0,-308000000.0,86000000,499000000.0,83000000.0,0,0,0,616000000,1366000000.0,-262000000.0,-485000000.0,858000000,220000000,858000000,807000000,358000000,0,1208000000,31,1057000000.0,377000000,925000000.0,20000000,-1000000,-48000000,176000000.0,-42000000,30000000,30,34,22,187.0,647000000,5262000000.0,-127000000,1534000000,0.0,652000000.0,5486000000.0,2396000000.0,1280000000,3531000000.0,1955000000.0,5486000000.0,3946000000.0,-4952000000.0,2013.0,2.89,296885813.1,63.639998999999996,63.919998,63.439999,64.199997,1193600,Information Technology,Internet Software & Services
844,INTU,7/31/2014,407000000.0,-5000000,31000000,29,-104000000,3558000000.0,135.0,849000000.0,0,3000000.0,603000000.0,184.0,0,3000000,197000000,1331000000,1300000000,-6000000,0,589000000.0,1323000000.0,86,3640000000.0,447000000,133000000.0,31000000,0,-395000000.0,74000000,499000000.0,31000000.0,0,0,0,-160000000,1446000000.0,-1551000000.0,-49000000.0,907000000,260000000,907000000,853000000,274000000,0,1300000000,31,504000000.0,433000000,1014000000.0,-2000000,-1000000,450000000,200000000.0,13000000,25000000,31,42,21,184.0,714000000,5949000000.0,-1412000000,1601000000,0.0,1065000000.0,5201000000.0,2621000000.0,1421000000,3078000000.0,2123000000.0,5201000000.0,4243000000.0,-6430000000.0,2014.0,3.18,285220125.8,83.019997,81.970001,81.879997,83.190002,1638500,Information Technology,Internet Software & Services
845,INTU,7/31/2015,473000000.0,24000000,1000000,16,-142000000,4007000000.0,97.0,808000000.0,0,3000000.0,695000000.0,147.0,5000000,152000000,231000000,739000000,712000000,-26000000,0,682000000.0,1266000000.0,83,3497000000.0,299000000,87000000.0,27000000,0,156000000.0,453000000,500000000.0,27000000.0,0,0,0,-41000000,1504000000.0,-1337000000.0,-182000000.0,365000000,458000000,365000000,413000000,406000000,148000000,738000000,18,341000000.0,457000000,1271000000.0,-30000000,-1000000,-196000000,240000000.0,-27000000,42000000,17,31,9,147.0,798000000,6027000000.0,-1138000000,1771000000,0.0,889000000.0,4968000000.0,2560000000.0,1744000000,2332000000.0,2636000000.0,4968000000.0,4192000000.0,-7675000000.0,2015.0,1.3,280769230.8,106.290001,105.769997,105.400002,106.480003,904100,Information Technology,Internet Software & Services
1007,MA,12/31/2013,3872000000.0,-236000000,11000000,42,-155000000,3762000000.0,131.0,5233000000.0,0,0.0,0.0,182.0,70000000,117000000,861000000,4514000000,4500000000,45000000,0,526000000.0,1122000000.0,100,8312000000.0,1384000000,672000000.0,14000000,0,319000000.0,777000000,0.0,0.0,11000000,0,35000000,1547000000,4135000000.0,-2629000000.0,-4000000.0,3116000000,11000000,3116000000,3116000000,2550000000,95000000,4503000000,54,902000000.0,471000000,2160000000.0,178000000,-11000000,-168000000,598000000.0,-394000000,258000000,54,60,37,182.0,0,10121000000.0,-2417000000,3456000000,0.0,2696000000.0,14242000000.0,10950000000.0,6032000000,7484000000.0,6758000000.0,14242000000.0,8312000000.0,-6577000000.0,2013.0,2.57,1212451362.0,839.3699650000001,835.459976,830.6199650000001,839.3800349999999,6759000,Information Technology,Internet Software & Services
1008,MA,12/31/2014,4000000000.0,21000000,21000000,53,-175000000,3876000000.0,126.0,6627000000.0,0,0.0,0.0,177.0,96000000,115000000,1012000000,5127000000,5079000000,-220000000,0,615000000.0,1522000000.0,100,9441000000.0,1462000000,714000000.0,48000000,0,1450000000.0,170000000,1494000000.0,0.0,34000000,0,1530000000,1538000000,3407000000.0,-2339000000.0,690000000.0,3617000000,-54000000,3617000000,3617000000,2461000000,0,5106000000,54,1385000000.0,671000000,2222000000.0,-260000000,-50000000,-585000000,674000000.0,-1359000000,321000000,54,75,38,177.0,0,13169000000.0,-3358000000,4014000000,0.0,1238000000.0,15329000000.0,10997000000.0,6222000000,6790000000.0,8539000000.0,15329000000.0,9441000000.0,-9995000000.0,2014.0,3.11,1163022508.0,87.18,86.160004,86.160004,87.540001,2811100,Information Technology,Internet Software & Services
1009,MA,12/31/2015,4101000000.0,-133000000,-59000000,63,-177000000,4004000000.0,130.0,7183000000.0,0,0.0,0.0,175.0,317000000,79000000,1130000000,5019000000,4958000000,-260000000,0,675000000.0,1891000000.0,100,9667000000.0,1150000000,803000000.0,61000000,0,210000000.0,125000000,3268000000.0,0.0,34000000,0,1735000000,610000000,4043000000.0,-2458000000.0,-715000000.0,3808000000,-75000000,3808000000,3808000000,2147000000,61000000,5078000000,53,1580000000.0,663000000,2168000000.0,-676000000,-17000000,-748000000,572000000.0,-812000000,366000000,51,82,39,175.0,0,16222000000.0,-3491000000,4162000000,0.0,991000000.0,16250000000.0,10984000000.0,6269000000,6028000000.0,10222000000.0,16250000000.0,9667000000.0,-13522000000.0,2015.0,3.36,1133333333.0,98.25,97.360001,97.360001,98.860001,3188300,Information Technology,Internet Software & Services
1148,NFLX,12/31/2013,162453000.0,0,-28131000,8,-54143000,777441000.0,56.0,604965000.0,0,60000.0,3117203000.0,142.0,0,0,2241680000,200216000,171074000,-3453000,0,133605000.0,0.0,29,1257359000.0,58671000,2091071000.0,29142000,0,-141837000.0,66610000,500000000.0,0.0,0,0,279458000,314674000,97831000.0,476264000.0,-255968000.0,112403000,-2357062000,112403000,87274000,0,0,228347000,5,129124000.0,1858358000,1991750000.0,3575000,0,-59988000,1424799000.0,34200000,0,4,13,3,142.0,378769000,552485000.0,115143000,650243000,0.0,595440000.0,5412563000.0,3058763000.0,2154203000,1333561000.0,4079002000.0,5412563000.0,4374562000.0,0.0,2013.0,1.93,58239896.37,365.500008,368.170002,363.630005,369.149998,10516800,Information Technology,Internet Software & Services
1149,NFLX,12/31/2014,271327000.0,0,-3060000,14,-69726000,0.0,60.0,1113608000.0,0,1042870000.0,3752760000.0,147.0,0,0,2781798000,399588000,349369000,-6686000,0,149875000.0,0.0,32,1751896000.0,82570000,2773326000.0,50219000,0,100316000.0,198267000,885849000.0,0.0,0,0,400000000,508643000,16483000.0,541712000.0,-42866000.0,266799000,-3168777000,266799000,266799000,0,0,402648000,7,192246000.0,2318557000,2391827000.0,-4446000,-1093000,-73456000,1635789000.0,-61604000,0,6,19,5,147.0,472321000,819284000.0,53464000,876927000,0.0,494888000.0,7042500000.0,3927053000.0,2663154000,1857708000.0,5184792000.0,7042500000.0,5504656000.0,0.0,2014.0,4.44,60089864.86,343.229992,341.610008,341.51000600000003,345.740009,8627500,Information Technology,Internet Software & Services
1150,NFLX,12/31/2015,393880000.0,0,-31225000,6,-91248000,0.0,65.0,1809330000.0,0,1324809000.0,4591476000.0,154.0,0,0,3547045000,274601000,141885000,-15924000,0,173412000.0,0.0,32,2188035000.0,19244000,4312817000.0,132716000,0,-8074000.0,172560000,2371362000.0,0.0,0,0,1500000000,695722000,-749439000.0,1640277000.0,-179192000.0,122641000,-4592012000,122641000,122641000,0,0,305826000,5,284802000.0,3121125000,3135744000.0,-43308000,-545000,-79870000,2078459000.0,327000,0,2,6,2,154.0,650788000,941925000.0,60351000,1231421000,0.0,501385000.0,10202871000.0,5431840000.0,3529624000,2223426000.0,7979445000.0,10202871000.0,6779511000.0,0.0,2015.0,0.29,422900000.0,116.209999,114.379997,114.279999,117.459999,9245000,Information Technology,Internet Software & Services
1172,NTAP,4/26/2013,607700000.0,23100000,-41200000,11,-303300000,4738900000.0,182.0,3277100000.0,22000000,500000.0,2571300000.0,220.0,0,1446200000,404800000,566600000,566600000,-9300000,0,1170900000.0,988100000.0,59,3761100000.0,61300000,180600000.0,0,139500000,177000000.0,276700000,994600000.0,0.0,0,0,987300000,1727300000,1386300000.0,578900000.0,-228600000.0,505300000,197700000,505300000,505300000,800900000,1700000,607800000,10,484600000.0,525200000,1965100000.0,8700000,-1900000,-102300000,253500000.0,-43300000,0,9,12,8,216.0,904200000,2896800000.0,-479400000,2247400000,1257800000.0,3675500000.0,11242400000.0,8418200000.0,3830600000,4717500000.0,6524900000.0,11242400000.0,6332400000.0,-2927400000.0,2013.0,1.4,360928571.4,34.830002,34.869999,34.59,35.099998,5778300,Information Technology,Internet Software & Services
1173,NTAP,4/25/2014,1040800000.0,-57000000,7000000,17,-221000000,3776000000.0,186.0,2291000000.0,17000000,300000.0,2406000000.0,240.0,0,1446400000,334000000,741000000,741000000,8000000,0,1108800000.0,988100000.0,62,3919000000.0,103000000,121500000.0,0,122400000,974000000.0,127000000,990100000.0,0.0,0,0,-1265000000,-986000000,1350000000.0,-3104000000.0,760000000.0,638000000,172000000,638000000,638000000,855900000,88000000,734000000,12,524100000.0,489700000,1653800000.0,9100000,-9000000,7000000,296200000.0,119000000,0,12,20,10,236.0,918000000,1100000.0,-1680000000,2179000000,0.0,2712300000.0,9213800000.0,6471300000.0,2694600000,3786500000.0,5427300000.0,9213800000.0,6325000000.0,0.0,2014.0,1.87,341176470.6,35.59,35.0,34.950001,35.59,2260800,Information Technology,Internet Software & Services
1174,NTAP,4/24/2015,985000000.0,75000000,-3000000,16,-175000000,0.0,197.0,1922000000.0,-24000000,3385000000.0,2290000000.0,250.0,0,1473000000,307000000,713000000,713000000,-59000000,0,1030000000.0,1027000000.0,63,3833000000.0,153000000,90000000.0,0,146000000,-645000000.0,94000000,1487000000.0,0.0,0,0,495000000,-369000000,1268000000.0,-675000000.0,-903000000.0,560000000,236000000,560000000,560000000,779000000,0,716000000,12,481000000.0,522000000,1724000000.0,-24000000,-9000000,-83000000,318000000.0,20000000,0,12,21,9,245.0,920000000,53000000.0,-1008000000,2197000000,0.0,3404000000.0,9401000000.0,6773000000.0,2709000000,3414000000.0,5987000000.0,9401000000.0,6123000000.0,0.0,2015.0,1.77,316384180.8,36.360001000000004,36.119999,35.919998,36.360001000000004,2276200,Information Technology,Internet Software & Services
1175,NTAP,4/29/2016,1019000000.0,-16000000,48000000,8,-160000000,0.0,145.0,2868000000.0,49000000,2912000000.0,2173000000.0,176.0,0,1591000000,279000000,345000000,345000000,-4000000,0,937000000.0,1676000000.0,61,3373000000.0,116000000,180000000.0,0,98000000,982000000.0,163000000,1490000000.0,0.0,0,0,850000000,946000000,974000000.0,-109000000.0,85000000.0,229000000,166000000,229000000,229000000,813000000,116000000,348000000,6,796000000.0,234000000,1794000000.0,-31000000,136000000,-737000000,413000000.0,104000000,0,6,12,4,173.0,861000000,0.0,-890000000,2099000000,849000000.0,2435000000.0,10037000000.0,6448000000.0,3662000000,2881000000.0,7156000000.0,10037000000.0,5546000000.0,0.0,2016.0,0.78,293589743.6,24.17,23.639999,23.379998999999998,24.17,3862300,Information Technology,Internet Software & Services
1220,PAYX,5/31/2013,4228700000.0,6500000,6600000,32,-98700000,659500000.0,107.0,4179800000.0,0,3700000.0,0.0,113.0,34100000,53300000,154400000,911400000,911400000,0,0,346000000.0,533900000.0,100,2326200000.0,342400000,45200000.0,0,0,-712600000.0,-16600000,0.0,369100000.0,0,0,0,-1500000,675300000.0,-858500000.0,181700000.0,569000000,28900000,569000000,569000000,168100000,0,904800000,39,2800000.0,86500000,39500000.0,22000000,-381800000,993000000,68500000.0,-66900000,0,39,51,24,113.0,0,1088500000.0,0,1421400000,0.0,398200000.0,6163700000.0,4832600000.0,4268200000,1773700000.0,4390000000.0,6163700000.0,2326200000.0,0.0,2013.0,1.56,364743589.7,37.540001000000004,37.23,37.23,38.0,3350000,Information Technology,Internet Software & Services
1223,PAYX,5/31/2016,304500000.0,-35700000,4500000,40,-97700000,952700000.0,100.0,4129000000.0,0,3600000.0,0.0,111.0,0,22100000,190800000,1151100000,1151100000,0,0,353000000.0,657100000.0,100,2951900000.0,394300000,69500000.0,0,0,-587900000.0,63300000,0.0,441100000.0,0,0,0,-38500000,1018200000.0,-993600000.0,-63100000.0,756800000,44100000,756800000,756800000,444700000,0,1146600000,39,56500000.0,69300000,4061400000.0,29200000,-279200000,622500000,141100000.0,-1100000,0,39,60,26,111.0,0,926200000.0,-107900000,1805300000,0.0,220600000.0,6440800000.0,4863600000.0,4365900000,1911700000.0,4529100000.0,6440800000.0,2951900000.0,0.0,2016.0,2.1,360380952.4,54.52,54.220001,53.68,54.580002,2442900,Information Technology,Internet Software & Services
1558,TSS,12/31/2012,89613000.0,2855000,-2096000,18,-31395000,141793000.0,107.0,247612000.0,0,20247000.0,1189341000.0,249.0,5334000,48074000,170908000,352873000,352873000,-1719000,10171000,260389000.0,518344000.0,34,604216000.0,114116000,518238000.0,0,0,-3031000.0,14717000,192014000.0,87764000.0,19725000,39505000,-50052000,-68725000,455753000.0,-212965000.0,-309794000.0,249923000,20295000,244280000,248928000,256908000,1650000,354969000,20,59043000.0,70206000,100282000.0,1408000,0,-275368000,68791000.0,-2945000,0,20,25,14,249.0,0,1549063000.0,-65267000,247597000,40624000.0,0.0,2023838000.0,574726000.0,230519000,1425210000.0,598628000.0,2023838000.0,1793557000.0,-287301000.0,2012.0,1.3,192248461.5,21.17,21.42,21.1,21.450001,1858000,Information Technology,Internet Software & Services
1559,TSS,12/31/2013,71990000.0,-8667000,-30024000,16,-40598000,165841000.0,83.0,247700000.0,0,20279000.0,1369438000.0,220.0,3972000,228727000,212845000,352476000,352476000,-3758000,13047000,259968000.0,1541574000.0,34,694867000.0,110981000,1030127000.0,0,0,-1378000.0,-77056000,1435751000.0,94133000.0,21349000,39652000,1228856000,30618000,452398000.0,1091814000.0,-1509836000.0,256597000,69250000,244750000,254542000,269931000,0,382500000,19,102861000.0,136302000,168306000.0,3749000,0,-1467860000,82797000.0,-571000,0,17,22,12,220.0,0,1718204000.0,-63166000,312367000,56919000.0,0.0,3686568000.0,653933000.0,297215000,1581077000.0,2105491000.0,3686568000.0,2064305000.0,-326996000.0,2013.0,1.3,197382307.7,33.310001,33.279999,33.130001,33.439999,614000,Information Technology,Internet Software & Services
1560,TSS,12/31/2014,86794000.0,-33406000,-38711000,19,-75913000,171270000.0,98.0,289183000.0,0,20278000.0,1668892000.0,233.0,7002000,211820000,250218000,392929000,392929000,-6168000,17583000,290585000.0,1547397000.0,32,777985000.0,129761000,1006560000.0,0,0,-3291000.0,54636000,1405106000.0,100468000.0,6882000,22492000,-68543000,10953000,560201000.0,-316473000.0,-226607000.0,329406000,-30128000,322872000,280751000,298393000,0,431640000,18,91016000.0,102977000,158808000.0,-11926000,0,-147403000,98006000.0,-10525000,0,16,23,13,233.0,0,1966370000.0,-173147000,346345000,50911000.0,0.0,3733581000.0,690553000.0,296513000,1692762000.0,2040819000.0,3733581000.0,2446877000.0,-453230000.0,2014.0,1.73,190408092.5,34.169998,33.959998999999996,33.919998,34.290001000000004,631500,Information Technology,Internet Software & Services
1561,TSS,12/31/2015,118807000.0,-39218000,-37219000,20,-54640000,241891000.0,115.0,389328000.0,0,20277000.0,1855181000.0,260.0,5598000,216470000,260502000,496888000,496888000,-7111000,22106000,289898000.0,1545424000.0,33,924360000.0,151364000,981201000.0,0,0,-1686000.0,-29853000,1383634000.0,106118000.0,5664000,23410000,-52807000,100145000,600194000.0,-290754000.0,-202184000.0,369041000,48220000,364044000,367630000,339375000,0,534107000,19,97159000.0,154199000,166579000.0,-33544000,0,-145858000,96886000.0,-8498000,0,18,27,13,260.0,0,2256058000.0,-183599000,390253000,53832000.0,0.0,3908300000.0,882902000.0,339218000,1843018000.0,2065282000.0,3908300000.0,2779541000.0,-641664000.0,2015.0,1.98,186384343.4,50.029999,49.799999,49.529999,50.419998,1060900,Information Technology,Internet Software & Services
1622,V,9/30/2013,2186000000.0,-383000000,0,19,-471000000,18875000000.0,99.0,2235000000.0,0,0.0,1932000000.0,180.0,0,4149000000,2718000000,7257000000,7257000000,0,0,1732000000.0,11681000000.0,84,9846000000.0,2277000000,11351000000.0,0,0,-693000000.0,-3136000000,0.0,2760000000.0,0,0,-70000000,112000000,3022000000.0,-1746000000.0,-1164000000.0,4980000000,1685000000,4980000000,4980000000,2183000000,3000000,7239000000,61,610000000.0,1335000000,924000000.0,21000000,4371000000,0,602000000.0,-2842000000,397000000,62,27,42,180.0,0,7974000000.0,-5257000000,2207000000,1225000000.0,2069000000.0,35956000000.0,7822000000.0,4335000000,26870000000.0,9086000000.0,35956000000.0,11778000000.0,0.0,2013.0,,,190.800003,191.100006,190.25,191.96000700000002,9561600,Information Technology,Internet Software & Services
1623,V,9/30/2014,2182000000.0,-40000000,35000000,20,-553000000,18299000000.0,91.0,3469000000.0,0,0.0,1875000000.0,159.0,0,4145000000,435000000,7732000000,7724000000,-1000000,0,1892000000.0,11753000000.0,85,10827000000.0,2286000000,11411000000.0,8000000,0,-239000000.0,1562000000,0.0,3015000000.0,0,0,-1535000000,-215000000,7205000000.0,-6478000000.0,-941000000.0,5438000000,2584000000,5438000000,5438000000,2636000000,453000000,7697000000,61,936000000.0,1478000000,2492000000.0,-17000000,0,-149000000,1005000000.0,-2774000000,435000000,61,28,43,159.0,0,9131000000.0,-4027000000,2242000000,1332000000.0,1979000000.0,38569000000.0,9562000000.0,6006000000,27413000000.0,11156000000.0,38569000000.0,12702000000.0,0.0,2014.0,,,211.169998,213.36999500000002,211.020004,214.020004,11456000,Information Technology,Internet Software & Services
1624,V,9/30/2015,2502000000.0,359000000,-66000000,21,-414000000,18073000000.0,132.0,4590000000.0,0,0.0,2079000000.0,187.0,0,3273000000,494000000,8998000000,8995000000,1000000,0,1888000000.0,11825000000.0,85,11801000000.0,2667000000,11361000000.0,3000000,0,-938000000.0,-893000000,0.0,3384000000.0,0,0,318000000,1547000000,6584000000.0,-3603000000.0,-1435000000.0,6328000000,3307000000,6328000000,6328000000,1255000000,14000000,9064000000,65,888000000.0,1679000000,2073000000.0,-74000000,0,-83000000,897000000.0,-3011000000,494000000,65,30,46,187.0,0,11843000000.0,-2828000000,2229000000,780000000.0,2497000000.0,39367000000.0,10021000000.0,5355000000,29842000000.0,9525000000.0,39367000000.0,13880000000.0,0.0,2015.0,,,69.32,69.660004,68.260002,69.660004,9309200,Information Technology,Internet Software & Services
1625,V,9/30/2016,3005000000.0,326000000,556000000,18,-523000000,17395000000.0,124.0,6646000000.0,0,0.0,2226000000.0,178.0,0,6033000000,502000000,8439000000,8012000000,-34000000,0,2150000000.0,15066000000.0,85,12856000000.0,2021000000,27234000000.0,427000000,0,-1311000000.0,-29000000,15882000000.0,3931000000.0,0,0,15924000000,2101000000,5574000000.0,7477000000.0,-10916000000.0,5991000000,2607000000,5991000000,5991000000,2508000000,2000000,7883000000,52,1341000000.0,1840000000,2957000000.0,-492000000,0,-9082000000,1162000000.0,-3823000000,502000000,53,24,40,178.0,0,10462000000.0,-7062000000,4469000000,2084000000.0,3319000000.0,64035000000.0,14313000000.0,8046000000,32912000000.0,31123000000.0,64035000000.0,15082000000.0,-170000000.0,2016.0,,,82.160004,82.699997,81.68,83.040001,9776800,Information Technology,Internet Software & Services
1654,VRSN,12/31/2012,130391000.0,3327000,5564000,3433,-53023000,19891291000.0,224.0,130736000.0,0,319000.0,167600000.0,236.0,7299000,634869000,54819000,462891000,412695000,-138000,0,333861000.0,52527000.0,81,705992000.0,100210000,0.0,50196000,0,-1388742000.0,70477000,697614000.0,0.0,0,0,0,-1182613000,537630000.0,-277752000.0,-1442353000.0,320032000,25907000,320032000,312485000,56233000,0,457327000,52,25325000.0,30795000,564627000.0,-388000,189000,-588000,44298000.0,63068000,0,47,4427,37,236.0,61694000,-19900545000.0,-296377000,186971000,0.0,1425700000.0,2062476000.0,1643464000.0,695018000,-9323000.0,2071799000.0,2062476000.0,873592000.0,0.0,2012.0,2.04,156878431.4,38.009997999999996,38.82,37.869999,39.02,2720600,Information Technology,Internet Software & Services
1655,VRSN,12/31/2013,809909000.0,-2500000,3300000,129,-65594000,18935302000.0,85.0,339223000.0,0,320000.0,187013000.0,89.0,437643000,260615000,70403000,531532000,456771000,-2515000,0,339653000.0,52527000.0,81,778074000.0,-87679000,0.0,74761000,0,58501000.0,62319000,750000000.0,0.0,0,0,638297000,208487000,579397000.0,-357333000.0,-11062000.0,544450000,20703000,544450000,544450000,13631000,0,528232000,55,27745000.0,66283000,595221000.0,-3085000,0,-3969000,44524000.0,-115978000,0,47,108,56,89.0,70297000,-19356095000.0,-1014950000,179545000,624056000.0,1384062000.0,2660767000.0,1803199000.0,2029186000,-423558000.0,3084325000.0,2660767000.0,965087000.0,0.0,2013.0,3.77,144416445.6,59.360001000000004,59.779999,59.330002,59.849998,769900,Information Technology,Internet Software & Services
1656,VRSN,12/31/2014,190278000.0,-73000,4878000,40,-39327000,18120045000.0,99.0,191608000.0,0,322000.0,188425000.0,103.0,33887000,513514000,74568000,569305000,483311000,-1500000,0,319028000.0,52527000.0,81,821692000.0,128051000,0.0,85994000,0,151563000.0,79937000,740175000.0,0.0,0,0,0,-147615000,600949000.0,-859752000.0,112688000.0,355260000,36154000,355260000,355260000,13448000,0,564427000,56,15918000.0,41658000,621307000.0,-2998000,0,452000,98722000.0,55103000,0,48,55,35,103.0,67777000,-19000835000.0,-865806000,189488000,620620000.0,1233076000.0,1901150000.0,1479790000.0,1432205000,-883466000.0,2784616000.0,1901150000.0,1010117000.0,0.0,2014.0,2.8,126878571.4,57.720001,57.0,56.950001,57.900002,533600,Information Technology,Internet Software & Services
1657,VRSN,12/31/2015,188171000.0,661000,-10665000,35,-40656000,17558822000.0,127.0,228659000.0,0,323000.0,192788000.0,131.0,17361000,575053000,73783000,595281000,487650000,246000,0,295570000.0,52527000.0,82,866578000.0,112414000,0.0,107631000,0,-452302000.0,92001000,1235354000.0,0.0,0,0,492237000,37051000,651482000.0,-117778000.0,-496899000.0,375236000,29201000,375236000,375236000,12638000,0,605946000,57,24355000.0,39856000,680483000.0,-3993000,0,-3941000,114797000.0,80600000,0,46,46,35,131.0,63718000,-18625599000.0,-628479000,196914000,634326000.0,1686771000.0,2357737000.0,1967924000.0,1502980000,-1070447000.0,3428184000.0,2357737000.0,1059366000.0,0.0,2015.0,3.29,114053495.4,88.110001,87.360001,87.349998,88.660004,493500,Information Technology,Internet Software & Services
1713,WU,12/31/2012,1126600000.0,0,18400000,109,-60900000,332800000.0,21.0,1776500000.0,0,5700000.0,3194200000.0,59.0,0,0,246100000,1348400000,1168800000,0,0,196100000.0,3179700000.0,44,2470600000.0,142900000,878900000.0,179600000,0,0.0,-100900000,0.0,0.0,0,0,445800000,405600000,1185300000.0,-521500000.0,-258200000.0,1025900000,42000000,1025900000,1025900000,0,0,1330000000,23,319900000.0,3114600000,3114600000.0,-152600000,0,-197300000,254700000.0,-27800000,0,21,124,18,59.0,0,754700000.0,-713100000,1140600000,4029200000.0,0.0,9465700000.0,4891100000.0,8270400000,940600000.0,8525100000.0,9465700000.0,5664800000.0,0.0,2012.0,1.7,603470588.2,13.38,13.61,13.2,13.62,6289800,Information Technology,Internet Software & Services
1714,WU,12/31/2013,1175000000.0,0,15100000,72,-80200000,390900000.0,24.0,2073100000.0,0,5500000.0,3235000000.0,62.0,0,0,262800000,1122500000,926900000,0,0,209900000.0,3172000000.0,42,2307000000.0,128500000,833800000.0,195600000,0,-100000000.0,68800000,0.0,0.0,0,0,197300000,296600000,1088600000.0,-450700000.0,-341300000.0,798400000,14000000,798400000,798400000,0,0,1107400000,20,562100000.0,3270400000,3270400000.0,-169000000,0,-161100000,358200000.0,-55400000,0,17,84,14,62.0,0,877300000.0,-370800000,1199600000,4213000000.0,0.0,10121300000.0,5343500000.0,8658400000,1104700000.0,9016600000.0,10121300000.0,5542000000.0,0.0,2013.0,1.43,558321678.3,17.25,17.25,17.1,17.360001,2882900,Information Technology,Internet Software & Services
1715,WU,12/31/2014,1071700000.0,0,4300000,66,-67800000,445400000.0,21.0,1783200000.0,0,5200000.0,3297400000.0,59.0,0,0,271900000,1144800000,968200000,0,0,206400000.0,3169200000.0,41,2309800000.0,115800000,748100000.0,176600000,0,100200000.0,-70000000,0.0,0.0,0,0,-500000000,-289900000,1045900000.0,-1246400000.0,-89400000.0,852400000,22700000,852400000,852400000,0,0,1140500000,20,669800000.0,3313700000,3797900000.0,-118900000,0,-121800000,0.0,-31100000,0,17,74,15,59.0,0,968700000.0,-481200000,1169300000,3720400000.0,0.0,9890400000.0,5096900000.0,8590000000,1300400000.0,8590000000.0,9890400000.0,5607200000.0,0.0,2014.0,1.6,532750000.0,18.02,17.91,17.9,18.1,3135400,Information Technology,Internet Software & Services
1716,WU,12/31/2015,1090700000.0,0,300000,60,-94400000,566500000.0,16.0,1315900000.0,0,5000000.0,3199400000.0,57.0,0,0,270200000,1109700000,941800000,0,0,231800000.0,3163800000.0,42,2284300000.0,104000000,705000000.0,167900000,0,-19900000.0,46700000,0.0,0.0,0,0,-500000000,-467300000,1071100000.0,-1252000000.0,-286400000.0,837800000,23800000,837800000,837800000,0,0,1109400000,20,733700000.0,3308700000,3737700000.0,-143900000,0,-172100000,0.0,-107400000,0,17,67,15,57.0,0,977300000.0,-435500000,1174900000,3225600000.0,0.0,9458900000.0,4624600000.0,8054000000,1404900000.0,8054000000.0,9458900000.0,5483700000.0,0.0,2015.0,1.63,513987730.1,18.1,17.91,17.91,18.190001000000002,2210000,Information Technology,Internet Software & Services
1761,YHOO,12/31/2012,993306000.0,34752000,4647839000,27,-505507000,9563348000.0,324.0,2667778000.0,0,1187000.0,1620566000.0,438.0,0,1082831000,654601000,5214207000,5214207000,4355000,676438000,1685845000.0,3826749000.0,68,3366000000.0,1940043000,153973000.0,0,0,3875841000.0,733686000,124587000.0,4678582000.0,45403000,0,0,1105388000,-281554000.0,-1979457000.0,3362044000.0,3945479000,-5733724000,3945479000,3945479000,1008448000,236170000,566368000,11,1105391000.0,460312000,296926000.0,571249000,-65831000,-8290000,0.0,78529000,35819000,105,36,79,438.0,885824000,5792459000.0,-1949470000,1641819000,0.0,1516175000.0,17103253000.0,5652713000.0,1290232000,14560200000.0,2543053000.0,17103253000.0,4986566000.0,-1368043000.0,2012.0,3.31,1191987613.0,19.43,19.9,19.4,19.969998999999998,20645100,Information Technology,Internet Software & Services
1762,YHOO,12/31/2013,1045813000.0,26199000,123307000,10,-342971000,8688304000.0,254.0,2077590000.0,0,1015000.0,1349380000.0,375.0,0,1106860000,670834000,713233000,713233000,-18330000,896675000,1488518000.0,4679648000.0,71,3331000000.0,153392000,417808000.0,0,0,682891000.0,-256546000,1110585000.0,5015847000.0,55688000,0,1206638000,-590188000,1195247000.0,-1743884000.0,-23221000.0,1366281000,-649207000,1366281000,1446231000,979559000,67321000,589926000,13,177281000.0,638404000,294499000.0,318389000,-148575000,-363141000,116605000.0,27401000,44841000,15,5,29,375.0,957587000,4267429000.0,-2866354000,1751275000,0.0,1330304000.0,16804959000.0,5025857000.0,1340312000,13074909000.0,3730050000.0,16804959000.0,4680380000.0,-200228000.0,2013.0,1.3,1050985385.0,40.169998,40.439999,40.0,40.5,8291400,Information Technology,Internet Software & Services
1763,YHOO,12/31/2014,4178020000.0,29278000,10467333000,19,-413019000,8499475000.0,177.0,2664098000.0,0,945000.0,1387375000.0,209.0,0,17093243000,697284000,10610275000,10610275000,-45877000,1057863000,1487684000.0,5152570000.0,70,3230758000.0,4038102000,470842000.0,0,0,-4500094000.0,3257845000,1170423000.0,44588259000.0,43755000,0,0,586508000,916350000.0,-4022466000.0,3738501000.0,7521731000,-10517780000,7521731000,7619625000,1032704000,191864000,142942000,3,563560000.0,420207000,336963000.0,22019628000,-294506000,8651614000,143095000.0,-82419000,66750000,230,27,163,209.0,1156386000,8934244000.0,-3855198000,1770710000,0.0,5327412000.0,61707336000.0,9444421000.0,4514983000,38741837000.0,22965499000.0,61707336000.0,4618133000.0,-712455000.0,2014.0,7.61,988400919.8,51.540001000000004,50.509997999999996,50.459998999999996,51.68,9305000,Information Technology,Internet Software & Services
1764,YHOO,12/31/2015,1143349000.0,-39065000,-64682000,15,-554163000,8807273000.0,459.0,1631911000.0,0,959000.0,2077748000.0,588.0,0,13494992000,719892000,-4813176000,-4813176000,-23619000,383571000,1547323000.0,808114000.0,58,2890553000.0,-89598000,347269000.0,0,0,2446759000.0,-3427810000,1233485000.0,34651551000.0,35883000,0,0,-1032187000,-2383422000.0,-377258000.0,1752112000.0,-4359082000,4692826000,-4359082000,-4347982000,1047504000,4624660000,-4748494000,96,342390000.0,602792000,134031000.0,16576031000,-275052000,-140484000,118689000.0,21842000,79042000,97,17,88,588.0,1177923000,4570807000.0,-144641000,1768522000,0.0,4225112000.0,45203966000.0,7507319000.0,1277380000,29043537000.0,16160429000.0,45203966000.0,4968301000.0,-911533000.0,2015.0,-4.64,939457327.6,33.220001,33.259997999999996,33.18,33.689999,7396000,Information Technology,Internet Software & Services
