Unnamed: 0.1,Ticker Symbol,Period Ending,Accounts Payable,Accounts Receivable,Add'l income/expense items,After Tax ROE,Capital Expenditures,Capital Surplus,Cash Ratio,Cash and Cash Equivalents,Changes in Inventories,Common Stocks,Cost of Revenue,Current Ratio,Deferred Asset Charges,Deferred Liability Charges,Depreciation,Earnings Before Interest and Tax,Earnings Before Tax,Effect of Exchange Rate,Equity Earnings/Loss Unconsolidated Subsidiary,Fixed Assets,Goodwill,Gross Margin,Gross Profit,Income Tax,Intangible Assets,Interest Expense,Inventory,Investments,Liabilities,Long-Term Debt,Long-Term Investments,Minority Interest,Misc. Stocks,Net Borrowings,Net Cash Flow,Net Cash Flow-Operating,Net Cash Flows-Financing,Net Cash Flows-Investing,Net Income,Net Income Adjustments,Net Income Applicable to Common Shareholders,Net Income-Cont. Operations,Net Receivables,Non-Recurring Items,Operating Income,Operating Margin,Other Assets,Other Current Assets,Other Current Liabilities,Other Equity,Other Financing Activities,Other Investing Activities,Other Liabilities,Other Operating Activities,Other Operating Items,Pre-Tax Margin,Pre-Tax ROE,Profit Margin,Quick Ratio,Research and Development,Retained Earnings,Sale and Purchase of Stock,"Sales, General and Admin.",Short-Term Debt / Current Portion of Long-Term Debt,Short-Term Investments,Total Assets,Total Current Assets,Total Current Liabilities,Total Equity,Total Liabilities,Total Liabilities & Equity,Total Revenue,Treasury Stock,For Year,Earnings Per Share,Estimated Shares Outstanding,Open,Close,Low,High,Volume,GICS Sector,GICS Sub Industry
815,HSY,12/31/2012,1095212000.0,-50470000,0,64,-258727000,592975000.0,50.0,728272000.0,26598000,359901000.0,3784370000.0,144.0,12448000,35657000,210037000,1111148000,1015579000,0,0,1674071000.0,588003000.0,43,2859882000.0,354648000,214713000.0,95569000,633262000,-23000000.0,69645000,1530967000.0,0.0,11624000,0,-17658000,34586000,1094827000.0,-586872000.0,-473369000.0,660931000,24327000,660931000,660931000,583607000,44938000,1111148000,17,152119000.0,168344000,0.0,-385076000,0,-191642000,668732000.0,153759000,0,15,98,10,101.0,0,5027617000.0,-261884000,1703796000,375898000.0,0.0,4754839000.0,2113485000.0,1471110000,1036749000.0,3718090000.0,4754839000.0,6644252000.0,-4558668000.0,2012.0,,,71.209999,72.220001,70.949997,72.260002,837400,Consumer Staples,Packaged Foods & Meats
816,HSY,12/31/2013,1241147000.0,-16529000,1624000,51,-323551000,664944000.0,79.0,1118508000.0,-26279000,359901000.0,3865231000.0,177.0,0,104204000,201033000,1339675000,1251319000,-2994000,0,1805345000.0,576561000.0,46,3280848000.0,430849000,195244000.0,88356000,659541000,-16000000.0,102411000,1795142000.0,0.0,11218000,0,54185000,390236000,1191399000.0,-446589000.0,-351580000.0,820470000,-44185000,820470000,820470000,530423000,18665000,1338051000,19,293004000.0,178862000,0.0,-166567000,0,-12029000,434068000.0,154478000,0,18,78,11,130.0,0,5454286000.0,-155369000,1924132000,166875000.0,0.0,5357488000.0,2487334000.0,1408022000,1604834000.0,3752654000.0,5357488000.0,7146079000.0,-4707730000.0,2013.0,,,97.660004,97.230003,96.849998,97.849998,381700,Consumer Staples,Packaged Foods & Meats
817,HSY,12/31/2014,1300146000.0,-67464000,-2686000,58,-345947000,754186000.0,24.0,374854000.0,-88497000,359901000.0,4085602000.0,116.0,0,99373000,211532000,1389575000,1306043000,-6156000,0,2151901000.0,792955000.0,45,3336166000.0,459131000,294841000.0,83532000,801036000,-97131000.0,-13847000,1542317000.0,0.0,64468000,0,119124000,-743654000,844377000.0,-719302000.0,-862573000.0,846912000,6245000,846912000,846912000,697455000,45621000,1392261000,19,136126000.0,276571000,0.0,-358573000,0,-419495000,526003000.0,-50504000,0,18,90,11,75.0,0,5860784000.0,-451509000,1898284000,635501000.0,97131000.0,5622870000.0,2247047000.0,1935647000,1455062000.0,4167808000.0,5622870000.0,7421768000.0,-5161236000.0,2014.0,,,105.730003,103.93,103.82,105.870003,643500,Consumer Staples,Packaged Foods & Meats
818,HSY,12/31/2015,1354476000.0,-24440000,-30139000,51,-329707000,783877000.0,16.0,346529000.0,52049000,359901000.0,4003951000.0,83.0,36390000,53188000,244928000,1007620000,901847000,-10364000,0,2240460000.0,684252000.0,46,3382675000.0,388896000,379305000.0,105773000,750970000,64596000.0,-1017000,1557091000.0,0.0,49465000,0,254305000,-28325000,1214456000.0,-755162000.0,-477255000.0,512951000,286168000,512951000,512951000,599073000,375608000,1037759000,14,155366000.0,152026000,0.0,-371025000,-10000000,-212144000,468718000.0,143817000,0,12,90,7,49.0,0,5897603000.0,-548174000,1969308000,863436000.0,0.0,5344371000.0,1848598000.0,2217912000,997997000.0,4346374000.0,5344371000.0,7386626000.0,-5672359000.0,2015.0,,,90.099998,89.269997,89.089996,90.099998,559100,Consumer Staples,Packaged Foods & Meats
1047,MDLZ,12/31/2012,8164000000.0,-599000000,107000000,10,-1610000000,31548000000.0,30.0,4475000000.0,-129000000,0.0,21939000000.0,105.0,0,6235000000,1345000000,3637000000,1774000000,61000000,0,10010000000.0,25740000000.0,37,13076000000.0,168000000,22552000000.0,1863000000,3741000000,0.0,-599000000,15574000000.0,0.0,140000000,0,2373000000,2501000000,3923000000.0,204000000.0,-1687000000.0,3067000000,594000000,3067000000,1606000000,6722000000,153000000,3637000000,10,1502000000.0,735000000,2855000000.0,-2666000000,-111000000,-77000000,6382000000.0,217000000,217000000,5,5,9,80.0,0,10551000000.0,0,9176000000,3851000000.0,0.0,75477000000.0,15673000000.0,14870000000,32276000000.0,43201000000.0,75477000000.0,35015000000.0,-7157000000.0,2012.0,1.7,1804117647.0,25.040001,25.450001,25.0,25.49,10730100,Consumer Staples,Packaged Foods & Meats
1048,MDLZ,12/31/2013,8706000000.0,492000000,30000000,12,-1622000000,31396000000.0,18.0,2622000000.0,-116000000,0.0,22189000000.0,92.0,0,6282000000,1077000000,3971000000,2392000000,-93000000,0,10247000000.0,25597000000.0,37,13110000000.0,60000000,21994000000.0,1579000000,3743000000,0.0,729000000,14482000000.0,0.0,159000000,0,-2976000000,-1853000000,6410000000.0,-6687000000.0,-1483000000.0,3915000000,335000000,3915000000,2332000000,5920000000,273000000,3971000000,11,1503000000.0,889000000,3051000000.0,-2889000000,132000000,139000000,4865000000.0,-42000000,217000000,7,7,11,66.0,0,13419000000.0,-2900000000,8679000000,2597000000.0,0.0,72515000000.0,13174000000.0,14354000000,32373000000.0,40142000000.0,72515000000.0,35299000000.0,-9553000000.0,2013.0,2.21,1771493213.0,35.209998999999996,35.299999,34.950001,35.43,5234300,Consumer Staples,Packaged Foods & Meats
1049,MDLZ,12/31/2014,8292000000.0,184000000,0,8,-1642000000,31651000000.0,12.0,1631000000.0,-188000000,0.0,21647000000.0,84.0,0,5512000000,1059000000,3242000000,2554000000,-223000000,0,9827000000.0,23389000000.0,37,12597000000.0,353000000,20335000000.0,688000000,3480000000,0.0,516000000,13821000000.0,662000000.0,103000000,0,-218000000,-991000000,3562000000.0,-2688000000.0,-1642000000.0,2184000000,-124000000,2184000000,2201000000,5231000000,692000000,3242000000,9,808000000.0,1408000000,2880000000.0,-7318000000,194000000,0,5578000000.0,-86000000,206000000,7,9,6,59.0,0,14529000000.0,-1700000000,8457000000,2835000000.0,0.0,66771000000.0,11750000000.0,14007000000,27750000000.0,39021000000.0,66771000000.0,34244000000.0,-11112000000.0,2014.0,1.29,1693023256.0,37.029999,36.330002,36.310001,37.139998999999996,5024200,Consumer Staples,Packaged Foods & Meats
1050,MDLZ,12/31/2015,7368000000.0,44000000,6044000000,26,-1514000000,31760000000.0,17.0,1870000000.0,-49000000,0.0,18124000000.0,82.0,0,4750000000,894000000,8897000000,7884000000,-255000000,0,8362000000.0,20664000000.0,39,11512000000.0,593000000,18768000000.0,1013000000,2609000000,-544000000.0,600000000,14557000000.0,5387000000.0,88000000,0,-1379000000,239000000,3728000000.0,-5883000000.0,2649000000.0,7267000000,-5080000000,7267000000,7291000000,3846000000,901000000,8897000000,30,704000000.0,633000000,2713000000.0,-9986000000,126000000,4707000000,4514000000.0,28000000,181000000,27,28,25,58.0,0,20700000000.0,-3622000000,7577000000,841000000.0,0.0,62843000000.0,8958000000.0,10922000000,28012000000.0,34831000000.0,62843000000.0,29636000000.0,-14462000000.0,2015.0,4.49,1618485523.0,45.209998999999996,44.84,44.759997999999996,45.450001,4618400,Consumer Staples,Packaged Foods & Meats
1059,MJN,12/31/2012,1146800000.0,-8500000,-4800000,3104,-124400000,-676600000.0,76.0,1042100000.0,109800000,2100000.0,1503800000.0,147.0,24500000,15900000,76900000,835300000,770300000,5400000,0,689900000.0,270600000.0,61,2397500000.0,182000000,129900000.0,65000000,435900000,-6300000.0,-127700000,1523200000.0,0.0,10300000,36300000,108400000,201800000,692700000.0,-267500000.0,-228800000.0,580400000,96600000,580400000,580400000,477000000,0,840100000,22,128300000.0,60000000,36100000.0,-187000000,0,-98100000,283900000.0,-42700000,0,20,4119,15,115.0,100100000,1124800000.0,-154900000,1457300000,187000000.0,0.0,3258200000.0,2015000000.0,1369900000,18700000.0,3239500000.0,3258200000.0,3901300000.0,-244600000.0,2012.0,2.96,196081081.1,65.0,65.889999,64.5,65.91999799999999,818600,Consumer Staples,Packaged Foods & Meats
1060,MJN,12/31/2013,1227100000.0,-37700000,-48500000,234,-240400000,-721500000.0,59.0,1050800000.0,-108200000,2100000.0,1528500000.0,119.0,37000000,15300000,83100000,974900000,924300000,-11700000,0,867500000.0,196800000.0,64,2672200000.0,235100000,97500000.0,50600000,534800000,-2700000.0,78400000,1009100000.0,0.0,8700000,49700000,-186100000,8700000,806600000.0,-545700000.0,-240500000.0,683800000,53400000,683800000,683800000,475600000,0,1023400000,24,157200000.0,56900000,46600000.0,-69200000,-18900000,2600000,318200000.0,48400000,0,22,317,16,89.0,100200000,1432300000.0,-87100000,1548600000,507600000.0,0.0,3474100000.0,2118100000.0,1781300000,291800000.0,3182300000.0,3474100000.0,4200700000.0,-351900000.0,2013.0,3.2,213687500.0,83.360001,83.760002,82.33000200000001,84.290001,956500,Consumer Staples,Packaged Foods & Meats
1061,MJN,12/31/2014,1166900000.0,-36500000,12300000,125,-186600000,-641300000.0,108.0,1297700000.0,-47000000,2100000.0,1700600000.0,193.0,150400000,12000000,91600000,988300000,928000000,-38600000,0,912700000.0,162700000.0,61,2708700000.0,199200000,75400000.0,60300000,555500000,4000000.0,15800000,1492800000.0,0.0,9500000,66000000,-5400000,246900000,793400000.0,-325500000.0,-182400000.0,719800000,77200000,719800000,719800000,395500000,0,976000000,22,131300000.0,82600000,34300000.0,-198900000,-7900000,200000,403900000.0,-36500000,0,21,162,16,147.0,115100000,1775000000.0,-54100000,1617600000,4100000.0,0.0,3763800000.0,2331300000.0,1205300000,574300000.0,3189500000.0,3763800000.0,4409300000.0,-362600000.0,2014.0,3.55,202760563.4,101.699997,100.540001,100.480003,102.239998,589500,Consumer Staples,Packaged Foods & Meats
1062,MJN,12/31/2015,1214800000.0,10400000,-39000000,103,-173700000,-564200000.0,136.0,1701400000.0,25800000,1900000.0,1455300000.0,208.0,118500000,8700000,99100000,936200000,871200000,-46200000,0,964000000.0,126000000.0,64,2616000000.0,215900000,54900000.0,65000000,484900000,0.0,2700000,2981000000.0,0.0,39800000,0,1463600000,403700000,909900000.0,-286800000.0,-173200000.0,653500000,77800000,653500000,653500000,355700000,0,975200000,24,132300000.0,60400000,35500000.0,-347800000,-5900000,500000,347600000.0,38800000,0,21,138,16,169.0,108400000,640400000.0,-1437000000,1532400000,3000000.0,0.0,3998100000.0,2602400000.0,1253300000,-632300000.0,4630400000.0,3998100000.0,4071300000.0,-362600000.0,2015.0,3.28,199237804.9,79.110001,78.949997,78.519997,79.519997,824000,Consumer Staples,Packaged Foods & Meats
1065,MKC,11/30/2015,895600000.0,46500000,1100000,24,-128400000,0.0,9.0,112600000.0,-18000000,1039600000.0,2559000000.0,110.0,0,0,105900000,549500000,496200000,-16200000,36700000,618400000.0,1759300000.0,40,1737300000.0,131300000,372100000.0,53300000,710800000,0.0,40400000,1051400000.0,365400000.0,16700000,0,118000000,35300000,590000000.0,-199600000.0,-338900000.0,401600000,16000000,401600000,401600000,455200000,61500000,548400000,13,0.0,78800000,0.0,-406100000,0,-210500000,495700000.0,-2400000,0,12,30,9,52.0,0,1036700000.0,-112700000,1127400000,343000000.0,0.0,4472600000.0,1357400000.0,1238600000,1670200000.0,2802400000.0,4472600000.0,4296300000.0,0.0,2015.0,3.14,127898089.2,86.480003,85.91999799999999,85.730003,86.489998,1771300,Consumer Staples,Packaged Foods & Meats
1066,MKC,11/30/2016,1029500000.0,16400000,4200000,29,-153800000,0.0,8.0,118400000.0,-39000000,1084200000.0,2579800000.0,100.0,0,0,108700000,645200000,589200000,-13700000,36100000,669400000.0,1771400000.0,42,1831700000.0,153000000,424900000.0,56000000,756300000,4200000.0,47000000,1054000000.0,348400000.0,11500000,0,55700000,5800000,658100000.0,-371500000.0,-267100000.0,472300000,-41800000,472300000,472300000,465200000,15700000,641000000,15,0.0,81900000,0.0,-514400000,0,-117500000,521100000.0,94500000,0,13,36,11,47.0,0,1056800000.0,-209400000,1175000000,393200000.0,0.0,4635900000.0,1421800000.0,1422700000,1626600000.0,3009300000.0,4635900000.0,4411500000.0,0.0,,,,92.760002,91.199997,91.160004,93.010002,934500,Consumer Staples,Packaged Foods & Meats
1410,SJM,4/30/2013,468100000.0,33200000,300000,11,-206500000,4125100000.0,43.0,256400000.0,15200000,26600000.0,3870100000.0,267.0,0,987200000,250900000,910700000,817300000,-2500000,0,1142500000.0,3052900000.0,34,2027600000.0,273100000,3089400000.0,93400000,945500000,0.0,8000000,1967800000.0,0.0,0,0,-50000000,26700000,855800000.0,-641000000.0,-185600000.0,544200000,-30100000,544200000,544200000,313700000,0,910400000,15,151800000.0,79600000,78700000.0,-78400000,-6200000,20900000,331200000.0,34400000,96800000,14,16,9,109.0,0,1075500000.0,-362000000,1020400000,50000000.0,0.0,9031800000.0,1595200000.0,596800000,5148800000.0,3883000000.0,9031800000.0,5897700000.0,0.0,2013.0,5.0,108840000.0,102.160004,103.230003,101.91999799999999,103.650002,519000,Consumer Staples,Packaged Foods & Meats
1411,SJM,4/30/2014,464000000.0,6100000,10100000,11,-279500000,3965800000.0,17.0,153500000.0,15400000,25400000.0,3579600000.0,174.0,0,1020700000,256400000,929100000,849700000,-13100000,0,1265600000.0,3098200000.0,36,2031000000.0,284500000,3024300000.0,79400000,931000000,10000000.0,2900000,1873100000.0,0.0,0,0,198400000,-102900000,856000000.0,-575500000.0,-370300000.0,565200000,4600000,565200000,565200000,309400000,0,919000000,16,133000000.0,145200000,78600000.0,-52600000,-27400000,-100800000,251000000.0,5400000,98900000,15,17,10,69.0,0,1091000000.0,-508500000,1013100000,343200000.0,0.0,9060200000.0,1539100000.0,885800000,5029600000.0,4030600000.0,9060200000.0,5610600000.0,0.0,2014.0,5.42,104280442.8,96.650002,96.68,96.07,96.949997,579500,Consumer Staples,Packaged Foods & Meats
1412,SJM,4/30/2015,684600000.0,21800000,-169100000,5,-247700000,6007700000.0,12.0,125600000.0,25300000,29900000.0,3724000000.0,194.0,0,2397000000,268400000,602900000,523000000,-28600000,0,1678300000.0,6011600000.0,35,1968700000.0,178100000,6950300000.0,79900000,1163600000,0.0,-207300000,5944900000.0,0.0,0,0,1166200000,-27900000,733200000.0,863200000.0,-1595700000.0,344900000,172800000,344900000,344900000,430100000,0,772000000,14,182200000.0,264600000,112000000.0,-109900000,-24700000,-1348000000,354900000.0,107300000,110900000,9,7,6,80.0,0,1159200000.0,-24300000,1085800000,226000000.0,0.0,16806300000.0,1983900000.0,1022600000,7086900000.0,9719400000.0,16806300000.0,5692700000.0,0.0,2015.0,3.33,103573573.6,116.0,115.91999799999999,115.220001,117.0,871100,Consumer Staples,Packaged Foods & Meats
1550,TSN,10/3/2013,1359000000.0,-126000000,27000000,13,-558000000,2292000000.0,38.0,1145000000.0,15000000,39000000.0,32016000000.0,186.0,0,479000000,519000000,1402000000,1257000000,3000000,0,4053000000.0,1902000000.0,7,2358000000.0,409000000,138000000.0,145000000,2817000000,-18000000.0,67000000,1895000000.0,0.0,32000000,0,-23000000,74000000,1314000000.0,-600000000.0,-643000000.0,778000000,88000000,778000000,848000000,1497000000,0,1375000000,4,480000000.0,145000000,1138000000.0,-108000000,18000000,-67000000,560000000.0,-27000000,0,4,20,2,93.0,0,4999000000.0,-491000000,983000000,513000000.0,0.0,12177000000.0,5604000000.0,3010000000,6201000000.0,5976000000.0,12177000000.0,34374000000.0,-1021000000.0,,,,28.23,28.23,28.030001000000002,28.41,4443000,Consumer Staples,Packaged Foods & Meats
1551,TSN,10/3/2014,1806000000.0,-93000000,-46000000,10,-632000000,4257000000.0,12.0,438000000.0,-148000000,42000000.0,34895000000.0,164.0,0,2450000000,530000000,1384000000,1252000000,0,0,5130000000.0,6706000000.0,7,2685000000.0,396000000,5276000000.0,132000000,3274000000,15000000.0,74000000,7535000000.0,0.0,14000000,0,4937000000,-707000000,1178000000.0,6915000000.0,-8800000000.0,864000000,-59000000,864000000,864000000,1684000000,0,1430000000,4,623000000.0,825000000,1348000000.0,-147000000,-23000000,-8183000000,1270000000.0,18000000,0,3,14,2,78.0,0,5748000000.0,2105000000,1255000000,643000000.0,0.0,23956000000.0,6221000000.0,3797000000,8890000000.0,15066000000.0,23956000000.0,37580000000.0,-1010000000.0,,,,41.130001,41.700001,41.07,41.84,7494500,Consumer Staples,Packaged Foods & Meats
