Unnamed: 0.1,Ticker Symbol,Period Ending,Accounts Payable,Accounts Receivable,Add'l income/expense items,After Tax ROE,Capital Expenditures,Capital Surplus,Cash Ratio,Cash and Cash Equivalents,Changes in Inventories,Common Stocks,Cost of Revenue,Current Ratio,Deferred Asset Charges,Deferred Liability Charges,Depreciation,Earnings Before Interest and Tax,Earnings Before Tax,Effect of Exchange Rate,Equity Earnings/Loss Unconsolidated Subsidiary,Fixed Assets,Goodwill,Gross Margin,Gross Profit,Income Tax,Intangible Assets,Interest Expense,Inventory,Investments,Liabilities,Long-Term Debt,Long-Term Investments,Minority Interest,Misc. Stocks,Net Borrowings,Net Cash Flow,Net Cash Flow-Operating,Net Cash Flows-Financing,Net Cash Flows-Investing,Net Income,Net Income Adjustments,Net Income Applicable to Common Shareholders,Net Income-Cont. Operations,Net Receivables,Non-Recurring Items,Operating Income,Operating Margin,Other Assets,Other Current Assets,Other Current Liabilities,Other Equity,Other Financing Activities,Other Investing Activities,Other Liabilities,Other Operating Activities,Other Operating Items,Pre-Tax Margin,Pre-Tax ROE,Profit Margin,Quick Ratio,Research and Development,Retained Earnings,Sale and Purchase of Stock,"Sales, General and Admin.",Short-Term Debt / Current Portion of Long-Term Debt,Short-Term Investments,Total Assets,Total Current Assets,Total Current Liabilities,Total Equity,Total Liabilities,Total Liabilities & Equity,Total Revenue,Treasury Stock,For Year,Earnings Per Share,Estimated Shares Outstanding,Open,Close,Low,High,Volume,GICS Sector,GICS Sub Industry
672,FSLR,12/31/2012,910137000.0,0,11647000,3,-379228000,2065527000.0,91.0,901294000.0,0,87000.0,2515796000.0,257.0,317473000,636518000,0,-25916000,-39804000,6307000,0,1659757000.0,65444000.0,25,852749000.0,56534000,0.0,13888000,434921000,-23365000.0,1627000,500223000.0,0.0,0,0,-108842000,295675000,762209000.0,-89109000.0,-383732000.0,-96338000,761251000,-96338000,-96338000,1016349000,476924000,-37563000,1,1473694000.0,377182000,128888000.0,10179000,-7816000,18861000,505051000.0,-669000,0,1,1,3,218.0,132460000,1529733000.0,176000,280928000,62349000.0,102578000.0,6348692000.0,2832324000.0,1101374000,3605526000.0,2743166000.0,6348692000.0,3368545000.0,0.0,2012.0,-1.11,86790990.99,29.610001,30.860001,29.49,30.91,3107300,Information Technology,Semiconductors
673,FSLR,12/31/2013,705883000.0,570731000,12456000,8,-282576000,2646022000.0,111.0,1325072000.0,15394000,100000.0,2444984000.0,239.0,296603000,0,234370000,382863000,380979000,3594000,-163000,1514748000.0,84985000.0,26,864632000.0,30098000,117416000.0,1884000,388951000,-341828000.0,-196474000,162780000.0,17321000.0,0,0,-334954000,423778000,856126000.0,101164000.0,-537106000.0,350718000,80535000,350718000,350718000,721605000,89664000,370407000,11,1059665000.0,918034000,821635000.0,-25776000,-27148000,87298000,629544000.0,-199148000,0,12,8,11,214.0,134300000,1882771000.0,428190000,270261000,60543000.0,439102000.0,6883502000.0,3792764000.0,1588061000,4503117000.0,2380385000.0,6883502000.0,3309616000.0,0.0,2013.0,3.77,93028647.21,55.849998,54.639998999999996,54.299999,56.220001,2809700,Information Technology,Semiconductors
674,FSLR,12/31/2014,799885000.0,462630000,12084000,8,-257549000,2697558000.0,199.0,1482054000.0,-99870000,100000.0,2566246000.0,308.0,313891000,0,245798000,434083000,432101000,-19487000,-4949000,1535605000.0,84985000.0,24,824941000.0,31188000,119236000.0,1982000,505088000,-125638000.0,-470289000,162074000.0,264156000.0,0,0,5500000,156982000,680989000.0,7359000.0,-511879000.0,395964000,45885000,395964000,395964000,224892000,5146000,421999000,12,1325464000.0,356588000,149255000.0,50140000,-29307000,-128692000,566891000.0,100871000,0,13,9,12,257.0,143969000,2243689000.0,0,253827000,51399000.0,509032000.0,6720991000.0,3077654000.0,1000539000,4991487000.0,1729504000.0,6720991000.0,3391187000.0,0.0,2014.0,3.97,99739042.82,44.52,44.599998,43.470001,45.389998999999996,1970500,Information Technology,Semiconductors
675,FSLR,12/31/2015,836392000.0,-340292000,10146000,10,-166438000,2742795000.0,190.0,1126826000.0,113537000,102000.0,2659728000.0,348.0,357693000,0,257825000,526810000,519835000,-19272000,20430000,1391895000.0,84985000.0,26,919267000.0,-6156000,110002000.0,6975000,380424000,11088000.0,-34060000,251325000.0,417692000.0,0,0,139965000,-355228000,-360919000.0,137103000.0,-112140000.0,546421000,298000,546421000,546421000,561076000,16818000,516664000,14,1608478000.0,573806000,86318000.0,15480000,-20569000,43210000,555719000.0,-904648000,0,15,9,15,309.0,130593000,2790110000.0,0,255192000,38090000.0,703454000.0,7316331000.0,3345586000.0,960800000,5548487000.0,1767844000.0,7316331000.0,3578995000.0,0.0,2015.0,5.42,100815682.7,66.510002,65.989998,65.989998,67.07,1512500,Information Technology,Semiconductors
1036,MCHP,3/31/2014,170781000.0,-12508000,22383000,19,-113072000,1244583000.0,400.0,466603000.0,-18500000,200000.0,802474000.0,586.0,0,375316000,210822000,481070000,432354000,0,-177000,531967000.0,276097000.0,58,1128743000.0,37073000,445499000.0,48716000,262725000,-386186000.0,-2787000,1003258000.0,798712000.0,0,0,29546000,-61731000,676564000.0,-235016000.0,-503279000.0,395281000,55571000,395281000,395104000,309895000,3024000,458864000,24,45956000.0,51994000,147798000.0,1051000,-37340000,-4021000,217516000.0,48685000,94534000,22,20,20,508.0,305043000,1467009000.0,60086000,267278000,17500000.0,878182000.0,4067630000.0,1969399000.0,336079000,2135461000.0,1932169000.0,4067630000.0,1931217000.0,-577382000.0,2014.0,1.99,198633668.3,47.27,47.759997999999996,47.27,47.889998999999996,1520800,Information Technology,Semiconductors
1037,MCHP,3/31/2015,187844000.0,-15893000,-17362000,18,-149472000,999515000.0,553.0,607815000.0,25517000,202000.0,917472000.0,753.0,0,381192000,305501000,407941000,345907000,-201000,-317000,581572000.0,571271000.0,57,1229564000.0,-19418000,504417000.0,62034000,279456000,105652000.0,-15662000,1826858000.0,383326000.0,16372000,0,401727000,141212000,721182000.0,98548000.0,-678317000.0,369009000,59291000,369009000,368692000,344982000,2840000,425620000,20,75510000.0,81310000,166128000.0,11076000,-19504000,-634497000,157665000.0,-2897000,176746000,16,17,17,674.0,349543000,1549540000.0,34433000,274815000,0.0,1351054000.0,4780713000.0,2664617000.0,353972000,2044654000.0,2736059000.0,4780713000.0,2147036000.0,-515679000.0,2015.0,1.84,200548369.6,49.650002,48.900002,48.830002,49.73,2942000,Information Technology,Semiconductors
1038,MCHP,3/31/2016,198577000.0,-2150000,33311000,15,-97895000,1391553000.0,640.0,2092751000.0,48245000,204000.0,967870000.0,811.0,14831000,399218000,344205000,385311000,281293000,0,-345000,609396000.0,1012652000.0,55,1205464000.0,-42632000,606349000.0,104018000,306815000,1234980000.0,-3874000,2483037000.0,118549000.0,0,0,589372000,1484936000,744483000.0,-59944000.0,800397000.0,324132000,-2525000,324132000,323787000,290183000,3957000,352345000,16,109025000.0,53680000,183432000.0,-3357000,-21720000,-336688000,152332000.0,36657000,174896000,13,13,15,730.0,372596000,1582585000.0,-335111000,301670000,0.0,353284000.0,5567515000.0,3096713000.0,382009000,2150919000.0,3416596000.0,5567515000.0,2173334000.0,-820066000.0,2016.0,1.59,203856603.8,48.84,48.200001,48.169998,48.84,2788300,Information Technology,Semiconductors
1119,MU,8/29/2013,2115000000.0,-409000000,1280000000,13,-1442000000,9187000000.0,89.0,3436000000.0,83000000,104000000.0,7226000000.0,216.0,861000000,0,1926000000,1516000000,1285000000,0,-83000000,7626000000.0,0.0,20,1847000000.0,8000000,386000000.0,231000000,2649000000,-499000000.0,13000000,4452000000.0,895000000.0,864000000,0,378000000,421000000,1811000000.0,520000000.0,-1910000000.0,1190000000,-999000000,1190000000,1190000000,2329000000,126000000,236000000,3,439000000.0,276000000,425000000.0,63000000,-14000000,31000000,535000000.0,3000000,0,14,14,13,152.0,931000000,-212000000.0,156000000,554000000,1585000000.0,221000000.0,19118000000.0,8911000000.0,4125000000,9142000000.0,9976000000.0,19118000000.0,9073000000.0,0.0,2013.0,1.16,1025862069.0,13.23,13.57,13.23,13.74,23787700,Information Technology,Semiconductors
1120,MU,8/28/2014,2864000000.0,-518000000,-2000000,28,-3107000000,7868000000.0,95.0,4150000000.0,194000000,107000000.0,10921000000.0,214.0,816000000,0,2270000000,3085000000,2733000000,-28000000,474000000,8682000000.0,0.0,33,5437000000.0,128000000,468000000.0,352000000,2455000000,-514000000.0,914000000,4893000000.0,1790000000.0,802000000,68000000,-1631000000,1270000000,5699000000.0,-1499000000.0,-2902000000.0,3045000000,-353000000,3045000000,3045000000,2906000000,40000000,3087000000,19,415000000.0,350000000,309000000.0,56000000,-141000000,719000000,1102000000.0,113000000,0,17,25,19,163.0,1371000000,2729000000.0,273000000,939000000,1618000000.0,384000000.0,22416000000.0,10245000000.0,4791000000,10760000000.0,11656000000.0,22416000000.0,16358000000.0,0.0,2014.0,2.87,1060975610.0,32.810001,32.810001,32.599998,32.900002,10890300,Information Technology,Semiconductors
1121,MU,9/3/2015,2611000000.0,393000000,-18000000,24,-4021000000,7474000000.0,90.0,2287000000.0,116000000,108000000.0,10977000000.0,220.0,597000000,0,2805000000,2980000000,2609000000,-121000000,447000000,10554000000.0,0.0,32,5215000000.0,157000000,449000000.0,371000000,2340000000,-2220000000.0,-707000000,6252000000.0,3492000000.0,937000000,49000000,-117000000,-1863000000,5208000000.0,-718000000.0,-6232000000.0,2899000000,-170000000,2899000000,2899000000,2507000000,3000000,2998000000,19,455000000.0,228000000,205000000.0,13000000,68000000,9000000,698000000.0,-128000000,0,16,21,18,160.0,1540000000,5588000000.0,-669000000,674000000,1089000000.0,1234000000.0,24143000000.0,8596000000.0,3905000000,12302000000.0,11841000000.0,24143000000.0,16192000000.0,-881000000.0,2015.0,2.71,1069741697.0,16.389999,16.59,16.26,17.209999,26377200,Information Technology,Semiconductors
1122,MU,9/1/2016,3879000000.0,465000000,-12000000,2,-5817000000,7736000000.0,91.0,4140000000.0,-549000000,109000000.0,9894000000.0,196.0,657000000,0,3106000000,156000000,-281000000,8000000,25000000,14686000000.0,0.0,20,2505000000.0,19000000,464000000.0,437000000,2889000000,2847000000.0,209000000,9154000000.0,1778000000.0,848000000,0,1329000000,1853000000,3168000000.0,1745000000.0,-3068000000.0,-276000000,-13000000,-276000000,-276000000,2068000000,67000000,168000000,1,460000000.0,140000000,200000000.0,-35000000,571000000,-98000000,623000000.0,225000000,0,2,2,2,137.0,1617000000,5299000000.0,-155000000,653000000,756000000.0,258000000.0,27540000000.0,9495000000.0,4835000000,12080000000.0,15460000000.0,27540000000.0,12399000000.0,-1029000000.0,2016.0,-0.27,1022222222.0,16.610001,16.639999,16.299999,16.799999,15692900,Information Technology,Semiconductors
1470,SWKS,9/27/2013,167700000.0,4900000,-600000,13,-123800000,2041400000.0,284.0,511100000.0,3400000,47000000.0,1025400000.0,597.0,54100000,0,103400000,344500000,344500000,0,0,328600000.0,800500000.0,43,766600000.0,66400000,64800000.0,0,229500000,800000.0,18100000,0.0,0.0,0,0,0,204000000,499700000.0,-172700000.0,-123000000.0,278100000,92000000,278100000,278100000,292700000,6400000,345100000,19,11800000.0,40000000,12000000.0,-900000,-1100000,0,52300000.0,-200000,29100000,19,16,16,470.0,226300000,378900000.0,-182400000,159700000,0.0,0.0,2333100000.0,1073300000.0,179700000,2101100000.0,232000000.0,2333100000.0,1792000000.0,-365300000.0,2013.0,1.48,187905405.4,24.860001,24.77,24.549999,25.15,2441100,Information Technology,Semiconductors
1471,SWKS,10/3/2014,271300000.0,-12400000,0,18,-208600000,2248200000.0,271.0,805800000.0,-6100000,47300000.0,1268800000.0,480.0,50800000,0,122700000,565200000,565200000,0,0,555900000.0,851000000.0,45,1022700000.0,107500000,75000000.0,0,270800000,0.0,136600000,0.0,0.0,0,0,0,294700000,772400000.0,-120600000.0,-357100000.0,457700000,66600000,457700000,457700000,317600000,300000,565200000,25,11900000.0,35000000,26300000.0,-4900000,0,-148500000,143800000.0,7300000,25900000,25,22,20,389.0,252200000,794900000.0,-120000000,179100000,0.0,0.0,2973800000.0,1429200000.0,297600000,2532400000.0,441400000.0,2973800000.0,2291500000.0,-553100000.0,2014.0,2.44,187581967.2,54.240002000000004,55.25,54.130001,55.91,4518500,Information Technology,Semiconductors
1472,SWKS,10/2/2015,372600000.0,-222200000,500000,25,-430100000,2495200000.0,225.0,1043600000.0,3600000,47600000.0,1703900000.0,413.0,56300000,0,195800000,1023600000,1023600000,0,0,826400000.0,856700000.0,48,1554500000.0,225300000,45000000.0,0,267900000,0.0,196500000,0.0,0.0,0,0,0,237800000,992800000.0,-300300000.0,-454700000.0,798300000,60000000,798300000,798300000,538000000,3400000,1023100000,31,20300000.0,65200000,91300000.0,-8200000,0,-24600000,96300000.0,-39200000,33500000,31,32,24,355.0,303200000,1469200000.0,-234500000,191300000,0.0,0.0,3719400000.0,1914700000.0,463900000,3159200000.0,560200000.0,3719400000.0,3258400000.0,-844600000.0,2015.0,4.21,189619952.5,81.889999,84.059998,81.110001,84.08000200000001,3592400,Information Technology,Semiconductors
1473,SWKS,9/30/2016,152700000.0,121400000,81900000,28,-189300000,2686000000.0,516.0,1083800000.0,-147300000,46200000.0,1623800000.0,952.0,54100000,0,247800000,1200600000,1200600000,0,0,806300000.0,873300000.0,51,1665200000.0,205400000,67000000.0,0,424000000,0.0,-153600000,0.0,0.0,0,0,0,40200000,1095700000.0,-804600000.0,-250900000.0,995200000,52600000,995200000,995200000,416600000,4800000,1118700000,34,52600000.0,77700000,57500000.0,-10900000,-76500000,-61600000,103800000.0,-20400000,33400000,37,34,30,751.0,312400000,2263600000.0,-570800000,195900000,0.0,0.0,3855400000.0,2002100000.0,210200000,3541400000.0,314000000.0,3855400000.0,3289000000.0,-1443500000.0,2016.0,5.27,188842504.7,73.910004,76.139999,73.879997,76.32,4110200,Information Technology,Semiconductors
1562,TXN,12/31/2012,1930000000.0,311000000,47000000,16,-495000000,1176000000.0,116.0,1416000000.0,5000000,1741000000.0,6457000000.0,240.0,280000000,1175000000,1401000000,2020000000,1935000000,0,0,3912000000.0,4362000000.0,50,6368000000.0,176000000,2700000000.0,85000000,1757000000,-604000000.0,-212000000,4186000000.0,215000000.0,0,0,117000000,424000000,3414000000.0,-1951000000.0,-1039000000.0,1759000000,249000000,1759000000,1759000000,1703000000,714000000,1973000000,15,322000000.0,805000000,0.0,-699000000,-10000000,60000000,269000000.0,-99000000,0,15,18,14,189.0,1877000000,27205000000.0,-1277000000,1804000000,1500000000.0,2549000000.0,20021000000.0,8230000000.0,3430000000,10961000000.0,9060000000.0,20021000000.0,12825000000.0,-18462000000.0,2012.0,1.53,1149673203.0,30.48,30.889999,30.299999,30.99,7153000,Information Technology,Semiconductors
1563,TXN,12/31/2013,1747000000.0,16000000,17000000,20,-412000000,1211000000.0,139.0,1627000000.0,26000000,1741000000.0,5841000000.0,292.0,207000000,1010000000,1297000000,2849000000,2754000000,0,0,3399000000.0,4362000000.0,52,6364000000.0,592000000,2341000000.0,95000000,1731000000,342000000.0,-188000000,4158000000.0,216000000.0,0,0,-514000000,211000000,3384000000.0,-3170000000.0,-3000000.0,2162000000,331000000,2162000000,2162000000,1596000000,152000000,2832000000,23,394000000.0,863000000,0.0,-528000000,-7000000,67000000,216000000.0,-260000000,0,23,25,18,229.0,1522000000,28173000000.0,-1554000000,1858000000,1000000000.0,2202000000.0,18938000000.0,8019000000.0,2747000000,10807000000.0,8131000000.0,18938000000.0,12205000000.0,-19790000000.0,2013.0,1.94,1114432990.0,44.040001000000004,43.91,43.790001000000004,44.09,2631300,Information Technology,Semiconductors
1564,TXN,12/31/2014,1657000000.0,-49000000,21000000,27,-385000000,1368000000.0,133.0,1199000000.0,-53000000,1741000000.0,5618000000.0,279.0,180000000,469000000,1230000000,3968000000,3874000000,0,0,2840000000.0,4362000000.0,57,7427000000.0,1053000000,1985000000.0,94000000,1784000000,-141000000.0,-186000000,3630000000.0,224000000.0,0,0,-502000000,-428000000,3892000000.0,-3943000000.0,-377000000.0,2821000000,143000000,2821000000,2821000000,1246000000,279000000,3947000000,30,360000000.0,850000000,0.0,-532000000,-3000000,149000000,225000000.0,-14000000,0,30,37,22,212.0,1358000000,29653000000.0,-2215000000,1843000000,1001000000.0,2342000000.0,17372000000.0,7421000000.0,2658000000,10390000000.0,6982000000.0,17372000000.0,13045000000.0,-21840000000.0,2014.0,2.61,1080842912.0,54.200001,53.470001,53.439999,54.25,4068600,Information Technology,Semiconductors
1565,TXN,12/31/2015,1555000000.0,77000000,32000000,30,-551000000,1629000000.0,126.0,1000000000.0,93000000,1741000000.0,5440000000.0,277.0,201000000,413000000,1133000000,4306000000,4216000000,0,0,2596000000.0,4362000000.0,58,7560000000.0,1230000000,1629000000.0,90000000,1691000000,125000000.0,-170000000,3120000000.0,221000000.0,0,0,-502000000,-199000000,4268000000.0,-4165000000.0,-302000000.0,2986000000,146000000,2986000000,2986000000,1165000000,258000000,4274000000,33,147000000.0,1000000000,0.0,-532000000,-3000000,124000000,196000000.0,3000000,0,32,42,23,211.0,1280000000,31176000000.0,-2299000000,1748000000,1000000000.0,2218000000.0,16230000000.0,7074000000.0,2555000000,9946000000.0,6284000000.0,16230000000.0,13000000000.0,-24068000000.0,2015.0,2.86,1044055944.0,56.049999,54.810001,54.810001,56.299999,6414700,Information Technology,Semiconductors
